<record><header><identifier>oai:alma.41SLSP_UGE:991000044899705502</identifier><datestamp>2023-04-12T00:11:46Z</datestamp><setSpec>uge_bcen_RapidILL_BOOK</setSpec><setSpec>uge_aaca_RapidILL_BOOK</setSpec><setSpec>uge_abels_RapidILL_BOOK</setSpec><setSpec>uge_dbu_RapidILL_BOOK</setSpec><setSpec>uge_cmu_RapidILL_BOOK</setSpec><setSpec>uge_mail_RapidILL_BOOK</setSpec><setSpec>uge_abbat_RapidILL_BOOK</setSpec><setSpec>UNIGE_ALL</setSpec><setSpec>uge_aobs_RapidILL_BOOK</setSpec><setSpec>uge_acar_RapidILL_BOOK</setSpec></header><metadata>
<record xmlns="http://www.loc.gov/MARC21/slim" xmlns:xsi="http://www.w3.org/2001/XMLSchema-instance" xsi:schemaLocation="http://www.loc.gov/MARC21/slim http://www.loc.gov/standards/marcxml/schema/MARC21slim.xsd"><leader>01116naa a2200241 c 4500</leader><controlfield tag="001">991000044899705502</controlfield><controlfield tag="005">20230411172548.0</controlfield><controlfield tag="008">960910s1980    fr ||||| |||| 00| ||fre d</controlfield><datafield ind1=" " ind2=" " tag="035"><subfield code="a">(swissbib)091654599-41slsp_network</subfield></datafield><datafield ind1=" " ind2=" " tag="035"><subfield code="a">091654599</subfield><subfield code="9">ExL</subfield></datafield><datafield ind1=" " ind2=" " tag="035"><subfield code="a">(RERO)2255732-41slsp</subfield></datafield><datafield ind1=" " ind2=" " tag="035"><subfield code="a">(EXLNZ-41SLSP_NETWORK)991080462679705501</subfield></datafield><datafield ind1=" " ind2=" " tag="040"><subfield code="a">RERO geulit</subfield><subfield code="d">CH-ZuSLS</subfield></datafield><datafield ind1=" " ind2="7" tag="072"><subfield code="a">it</subfield><subfield code="2">rero</subfield></datafield><datafield ind1="1" ind2=" " tag="100"><subfield code="a">De Robertis, Domenico</subfield><subfield code="d">1921-....</subfield><subfield code="0">(IDREF)028490509</subfield><subfield code="4">cre</subfield></datafield><datafield ind1="1" ind2="0" tag="245"><subfield code="a">Aspects de la formation du genre pastoral en Italie au XVe siècle</subfield></datafield><datafield ind1=" " ind2=" " tag="336"><subfield code="b">txt</subfield><subfield code="2">rdacontent</subfield></datafield><datafield ind1=" " ind2=" " tag="337"><subfield code="b">n</subfield><subfield code="2">rdamedia</subfield></datafield><datafield ind1=" " ind2=" " tag="338"><subfield code="b">nc</subfield><subfield code="2">rdacarrier</subfield></datafield><datafield ind1=" " ind2=" " tag="580"><subfield code="a">In: Le genre pastoral en Europe du XVe au XVIIe siècle : actes du colloque international tenu à Saint-Etienne du 28 septembre au 1er octobre 1978. - Université de Saint-Etienne. - P. 7-14</subfield></datafield><datafield ind1=" " ind2="7" tag="650"><subfield code="a">Poésie pastorale italienne</subfield><subfield code="0">(IDREF)028475321</subfield><subfield code="2">idref</subfield></datafield><datafield ind1=" " ind2="7" tag="650"><subfield code="a">15e siècle</subfield><subfield code="0">(IDREF)027797406</subfield><subfield code="2">idref</subfield></datafield><datafield ind1="0" ind2=" " tag="773"><subfield code="t">Genre pastoral en Europe du XVe au XVIIe siècle : actes du colloque international tenu à Saint-Etienne du 28 septembre au 1er octobre 1978</subfield><subfield code="g">P. 7-14</subfield><subfield code="w">(RERO)0100723-41slsp</subfield></datafield><datafield ind1=" " ind2=" " tag="900"><subfield code="a">REROnoselfmerge</subfield></datafield><datafield ind1=" " ind2=" " tag="993"><subfield code="a">BFLT 239</subfield><subfield code="x">ge/ulit/a/96/317</subfield><subfield code="9">LOCAL</subfield></datafield></record>
</metadata></record>