<record><header><identifier>oai:alma.41SLSP_UGE:991000044379705502</identifier><datestamp>2024-02-14T01:16:19Z</datestamp><setSpec>uge_bcen_RapidILL_BOOK</setSpec><setSpec>uge_aaca_RapidILL_BOOK</setSpec><setSpec>uge_abels_RapidILL_BOOK</setSpec><setSpec>uge_dbu_RapidILL_BOOK</setSpec><setSpec>uge_cmu_RapidILL_BOOK</setSpec><setSpec>uge_mail_RapidILL_BOOK</setSpec><setSpec>uge_abbat_RapidILL_BOOK</setSpec><setSpec>UNIGE_ALL</setSpec><setSpec>uge_acar_RapidILL_BOOK</setSpec><setSpec>uge_aobs_RapidILL_BOOK</setSpec></header><metadata>
<record xmlns="http://www.loc.gov/MARC21/slim" xmlns:xsi="http://www.w3.org/2001/XMLSchema-instance" xsi:schemaLocation="http://www.loc.gov/MARC21/slim http://www.loc.gov/standards/marcxml/schema/MARC21slim.xsd"><leader>02053nam a2200361 c 4500</leader><controlfield tag="001">991000044379705502</controlfield><controlfield tag="005">20240213100737.0</controlfield><controlfield tag="008">110204s2011    fr ||||| |||| 00| ||fre d</controlfield><datafield ind1=" " ind2=" " tag="019"><subfield code="a">!! Tirage multiple, mention d'édition à mettre en note de l'exemplaire</subfield><subfield code="5">RERO/frbcuc/03.2011</subfield></datafield><datafield ind1=" " ind2=" " tag="020"><subfield code="a">9782911939761</subfield></datafield><datafield ind1="7" ind2=" " tag="024"><subfield code="a">http://catalogue.bnf.fr/ark:/12148/cb42320722x</subfield><subfield code="2">uri</subfield></datafield><datafield ind1=" " ind2=" " tag="035"><subfield code="a">(swissbib)112925278-41slsp_network</subfield></datafield><datafield ind1=" " ind2=" " tag="035"><subfield code="a">112925278</subfield><subfield code="9">ExL</subfield></datafield><datafield ind1=" " ind2=" " tag="035"><subfield code="a">(RERO)R005919845-41slsp</subfield></datafield><datafield ind1=" " ind2=" " tag="035"><subfield code="a">(EXLNZ-41SLSP_NETWORK)991000170389705501</subfield></datafield><datafield ind1=" " ind2=" " tag="040"><subfield code="a">RERO frbcuc</subfield><subfield code="d">CH-ZuSLS</subfield></datafield><datafield ind1=" " ind2="7" tag="072"><subfield code="a">sp</subfield><subfield code="2">rero</subfield></datafield><datafield ind1=" " ind2="7" tag="072"><subfield code="a">ph</subfield><subfield code="2">rero</subfield></datafield><datafield ind1="1" ind2=" " tag="100"><subfield code="a">Hessel, Stéphane</subfield><subfield code="d">1917-2013</subfield><subfield code="0">(IDREF)026921391</subfield><subfield code="4">cre</subfield></datafield><datafield ind1="1" ind2="0" tag="245"><subfield code="a">Indignez-vous!</subfield><subfield code="c">Stéphane Hessel</subfield></datafield><datafield ind1=" " ind2="1" tag="264"><subfield code="a">Montpellier</subfield><subfield code="b">Indigène éditions</subfield><subfield code="c">2011</subfield></datafield><datafield ind1=" " ind2=" " tag="300"><subfield code="a">29 p.</subfield><subfield code="b">ill.</subfield></datafield><datafield ind1=" " ind2=" " tag="336"><subfield code="b">txt</subfield><subfield code="2">rdacontent</subfield></datafield><datafield ind1=" " ind2=" " tag="337"><subfield code="b">n</subfield><subfield code="2">rdamedia</subfield></datafield><datafield ind1=" " ind2=" " tag="338"><subfield code="b">nc</subfield><subfield code="2">rdacarrier</subfield></datafield><datafield ind1="0" ind2=" " tag="490"><subfield code="a">Ceux qui marchent contre le vent</subfield></datafield><datafield ind1="8" ind2=" " tag="520"><subfield code="a">Pour Stéphane Hessel, le &quot;motif de base de la Résistance, c'était l'indignation&quot;. Certes, les raisons de s'indigner dans le monde complexe d'aujourd'hui peuvent paraître moins nettes qu'au temps du nazisme. Mais &quot;cherchez et vous trouverez&quot; : l'écart grandissant entre les très riches et les très pauvres, l'état de la planète, le traitement fait aux sans-papiers, aux immigrés, aux Roms, la course au &quot;toujours plus&quot;, à la compétition, la dictature des marchés financiers et jusqu'aux acquis bradés de la Résistance - retraites, Sécurité sociale... Pour être efficace, il faut, comme hier, agir en réseau : Attac, Amnesty, la Fédération internationale des Droits de l'homme... en sont la démonstration. (4e de couv.)</subfield><subfield code="5">RERO/njhep-/06.2013</subfield></datafield><datafield ind1=" " ind2="7" tag="650"><subfield code="a">Non-violence</subfield><subfield code="0">(IDREF)027478777</subfield><subfield code="2">idref</subfield></datafield><datafield ind1=" " ind2="7" tag="650"><subfield code="a">Résistance politique</subfield><subfield code="0">(IDREF)027732525</subfield><subfield code="2">idref</subfield></datafield><datafield ind1=" " ind2="7" tag="650"><subfield code="a">Citoyenneté</subfield><subfield code="0">(IDREF)02934400X</subfield><subfield code="2">idref</subfield></datafield><datafield ind1=" " ind2="7" tag="650"><subfield code="a">Participation sociale</subfield><subfield code="0">(IDREF)027545970</subfield><subfield code="2">idref</subfield></datafield><datafield ind1=" " ind2="7" tag="650"><subfield code="a">Désobéissance civile</subfield><subfield code="0">(IDREF)028714830</subfield><subfield code="2">idref</subfield></datafield><datafield ind1=" " ind2="7" tag="650"><subfield code="a">Colère</subfield><subfield code="0">(IDREF)027454800</subfield><subfield code="2">idref</subfield></datafield><datafield ind1=" " ind2=" " tag="900"><subfield code="a">REROnoselfmerge</subfield></datafield></record>
</metadata></record>