<record><header><identifier>oai:alma.41SLSP_UGE:991000029429705502</identifier><datestamp>2023-03-29T00:20:58Z</datestamp><setSpec>uge_bcen_RapidILL_BOOK</setSpec><setSpec>uge_aaca_RapidILL_BOOK</setSpec><setSpec>uge_abels_RapidILL_BOOK</setSpec><setSpec>uge_dbu_RapidILL_BOOK</setSpec><setSpec>uge_cmu_RapidILL_BOOK</setSpec><setSpec>uge_mail_RapidILL_BOOK</setSpec><setSpec>uge_abbat_RapidILL_BOOK</setSpec><setSpec>UNIGE_ALL</setSpec><setSpec>uge_acar_RapidILL_BOOK</setSpec><setSpec>uge_aobs_RapidILL_BOOK</setSpec></header><metadata>
<record xmlns="http://www.loc.gov/MARC21/slim" xmlns:xsi="http://www.w3.org/2001/XMLSchema-instance" xsi:schemaLocation="http://www.loc.gov/MARC21/slim http://www.loc.gov/standards/marcxml/schema/MARC21slim.xsd"><leader>02671nam a2200481 c 4500</leader><controlfield tag="001">991000029429705502</controlfield><controlfield tag="005">20230328201633.0</controlfield><controlfield tag="008">201011t20172017fr ||||| |||| 00| ||fre d</controlfield><datafield ind1=" " ind2=" " tag="020"><subfield code="a">9782021366488</subfield><subfield code="q">couverture souple</subfield></datafield><datafield ind1=" " ind2=" " tag="020"><subfield code="a">2021366480</subfield><subfield code="q">br</subfield></datafield><datafield ind1="7" ind2=" " tag="024"><subfield code="a">http://catalogue.bnf.fr/ark:/12148/cb45383898t</subfield><subfield code="2">uri</subfield></datafield><datafield ind1="3" ind2=" " tag="024"><subfield code="a">9782021366488</subfield></datafield><datafield ind1=" " ind2=" " tag="035"><subfield code="a">(swissbib)22253981X-41slsp_network</subfield></datafield><datafield ind1=" " ind2=" " tag="035"><subfield code="a">22253981X</subfield><subfield code="9">ExL</subfield></datafield><datafield ind1=" " ind2=" " tag="035"><subfield code="a">(RERO)R008737571-41slsp</subfield></datafield><datafield ind1=" " ind2=" " tag="035"><subfield code="a">(NEBIS)011131871EBI01</subfield></datafield><datafield ind1=" " ind2=" " tag="035"><subfield code="a">(OCoLC)1011338634</subfield></datafield><datafield ind1=" " ind2=" " tag="035"><subfield code="a">(EXLNZ-41SLSP_NETWORK)991024750869705501</subfield></datafield><datafield ind1=" " ind2=" " tag="040"><subfield code="a">DEBBG</subfield><subfield code="b">ger</subfield><subfield code="e">rda</subfield><subfield code="d">CH-ZuSLS</subfield></datafield><datafield ind1=" " ind2="7" tag="072"><subfield code="a">ss</subfield><subfield code="2">rero</subfield></datafield><datafield ind1="0" ind2="4" tag="082"><subfield code="a">307.74</subfield><subfield code="2">23</subfield></datafield><datafield ind1="1" ind2=" " tag="100"><subfield code="a">Damon, Julien</subfield><subfield code="d">1971-</subfield><subfield code="0">(DE-588)138750920</subfield><subfield code="e">auteur</subfield><subfield code="4">aut</subfield><subfield code="6">880-01</subfield></datafield><datafield ind1="1" ind2=" " tag="880"><subfield code="6">100-01</subfield><subfield code="a">Damon, Julien</subfield><subfield code="c">sociologue</subfield><subfield code="d">1971-....</subfield><subfield code="0">(IDREF)034338594</subfield><subfield code="4">cre</subfield></datafield><datafield ind1="1" ind2="0" tag="245"><subfield code="a">&lt;&lt;Un&gt;&gt; monde de bidonvilles</subfield><subfield code="b">migrations et urbanisme informel</subfield><subfield code="c">Julien Damon</subfield></datafield><datafield ind1=" " ind2="1" tag="264"><subfield code="a">[Paris]</subfield><subfield code="b">Seuil</subfield><subfield code="c">2017</subfield></datafield><datafield ind1=" " ind2="4" tag="264"><subfield code="c">© 2017</subfield></datafield><datafield ind1=" " ind2=" " tag="300"><subfield code="a">113 pages</subfield><subfield code="b">illustrations</subfield><subfield code="c">21 cm</subfield></datafield><datafield ind1=" " ind2=" " tag="336"><subfield code="b">txt</subfield><subfield code="2">rdacontent</subfield></datafield><datafield ind1=" " ind2=" " tag="337"><subfield code="b">n</subfield><subfield code="2">rdamedia</subfield></datafield><datafield ind1=" " ind2=" " tag="338"><subfield code="b">nc</subfield><subfield code="2">rdacarrier</subfield></datafield><datafield ind1="0" ind2=" " tag="490"><subfield code="a">La république des idées</subfield></datafield><datafield ind1=" " ind2=" " tag="504"><subfield code="a">Notes bibliographiques</subfield></datafield><datafield ind1=" " ind2=" " tag="520"><subfield code="a">La dynamique planétaire d'urbanisation passe par l'extension des bidonvilles dans les pays en développement. C'est un huitième de l'humanité qui vit aujourd'hui dans ces espaces. Parallèlement, le retour des bidonvilles et des campements illégaux en France suscite inquiétude, voire alarmisme, sur fond de &lt;&lt; crise des migrants &gt;&gt;. Pour certains, les bidonvilles doivent être éradiqués comme des foyers d'insalubrité et de criminalité. Pour d'autres, ils constituent un laboratoire de la ville durable, à la fois piétonne, écologique, participative et recyclable. Et si les bidonvilles, au lieu de renvoyer uniquement à un passé effrayant, inventaient aussi des solutions pour l'avenir ? [source : site de l'éditeur]</subfield></datafield><datafield ind1=" " ind2="7" tag="650"><subfield code="a">Bidonvilles</subfield><subfield code="0">(IDREF)027518418</subfield><subfield code="2">idref</subfield></datafield><datafield ind1=" " ind2="7" tag="650"><subfield code="a">Émigration et immigration</subfield><subfield code="0">(IDREF)027233103</subfield><subfield code="2">idref</subfield></datafield><datafield ind1=" " ind2="7" tag="650"><subfield code="a">Bidonvilles</subfield><subfield code="2">ram</subfield></datafield><datafield ind1=" " ind2="7" tag="650"><subfield code="a">Villes</subfield><subfield code="x">Aspect social</subfield><subfield code="2">ram</subfield></datafield><datafield ind1=" " ind2="7" tag="650"><subfield code="a">COMMUNAUTÉS LOCALES + GROUPES LIÉS À UN LIEU + SOCIOLOGIE URBAINE</subfield><subfield code="9">fre</subfield><subfield code="0">(ETHUDK)000010022</subfield><subfield code="2">ethudk</subfield></datafield><datafield ind1=" " ind2="7" tag="650"><subfield code="a">DÉVELOPPEMENT URBAIN (URBANISME)</subfield><subfield code="9">fre</subfield><subfield code="0">(ETHUDK)000036854</subfield><subfield code="2">ethudk</subfield></datafield><datafield ind1=" " ind2="7" tag="650"><subfield code="a">PLANIFICATION ÉCOLOGIQUE (URBANISME)</subfield><subfield code="9">fre</subfield><subfield code="0">(ETHUDK)000065300</subfield><subfield code="2">ethudk</subfield></datafield><datafield ind1=" " ind2="7" tag="650"><subfield code="a">POLITIQUE D'URBANISME (URBANISME)</subfield><subfield code="9">fre</subfield><subfield code="0">(ETHUDK)000044826</subfield><subfield code="2">ethudk</subfield></datafield><datafield ind1=" " ind2="7" tag="650"><subfield code="a">QUARTIERS PAUVRES + BIDONVILLES (URBANISME)</subfield><subfield code="9">fre</subfield><subfield code="0">(ETHUDK)000035418</subfield><subfield code="2">ethudk</subfield></datafield><datafield ind1=" " ind2=" " tag="900"><subfield code="a">REROnoselfmerge</subfield></datafield><datafield ind1=" " ind2=" " tag="910"><subfield code="a">OCoLC</subfield><subfield code="b">20171128</subfield><subfield code="c">Droits réservés</subfield></datafield></record>
</metadata></record>