<record><header><identifier>oai:alma.41SLSP_UGE:991000051179705502</identifier><datestamp>2023-03-01T01:09:23Z</datestamp><setSpec>uge_bcen_RapidILL_BOOK</setSpec><setSpec>uge_aaca_RapidILL_BOOK</setSpec><setSpec>uge_abels_RapidILL_BOOK</setSpec><setSpec>uge_dbu_RapidILL_BOOK</setSpec><setSpec>uge_cmu_RapidILL_BOOK</setSpec><setSpec>uge_mail_RapidILL_BOOK</setSpec><setSpec>UNIGE_ALL</setSpec><setSpec>uge_abbat_RapidILL_BOOK</setSpec><setSpec>uge_acar_RapidILL_BOOK</setSpec><setSpec>uge_aobs_RapidILL_BOOK</setSpec></header><metadata>
<record xmlns="http://www.loc.gov/MARC21/slim" xmlns:xsi="http://www.w3.org/2001/XMLSchema-instance" xsi:schemaLocation="http://www.loc.gov/MARC21/slim http://www.loc.gov/standards/marcxml/schema/MARC21slim.xsd"><leader>01607nam a22004457c 4500</leader><controlfield tag="001">991000051179705502</controlfield><controlfield tag="005">20230220194509.0</controlfield><controlfield tag="008">201012s1999    xxk||||| |||| 00| ||eng d</controlfield><datafield ind1=" " ind2=" " tag="020"><subfield code="a">1900188953</subfield></datafield><datafield ind1=" " ind2=" " tag="035"><subfield code="a">(swissbib)240330293-41slsp_network</subfield></datafield><datafield ind1=" " ind2=" " tag="035"><subfield code="a">240330293</subfield><subfield code="9">ExL</subfield></datafield><datafield ind1=" " ind2=" " tag="035"><subfield code="a">(RERO)R003215022-41slsp</subfield></datafield><datafield ind1=" " ind2=" " tag="035"><subfield code="a">(NEBIS)010475888EBI01</subfield></datafield><datafield ind1=" " ind2=" " tag="035"><subfield code="a">(IDSBB)002386722DSV01</subfield></datafield><datafield ind1=" " ind2=" " tag="035"><subfield code="a">(EXLNZ-41SLSP_NETWORK)991089627569705501</subfield></datafield><datafield ind1=" " ind2=" " tag="040"><subfield code="a">RERO frbcuc</subfield><subfield code="d">CH-ZuSLS</subfield></datafield><datafield ind1=" " ind2="7" tag="072"><subfield code="a">ar</subfield><subfield code="2">rero</subfield></datafield><datafield ind1=" " ind2="7" tag="072"><subfield code="a">ar</subfield><subfield code="2">SzZuIDS BS/BE</subfield></datafield><datafield ind1="1" ind2="4" tag="082"><subfield code="a">930</subfield><subfield code="2">15</subfield></datafield><datafield ind1=" " ind2=" " tag="084"><subfield code="a">BO 3010</subfield><subfield code="2">rvk</subfield></datafield><datafield ind1="0" ind2="0" tag="245"><subfield code="a">Dakhleh Oasis project</subfield><subfield code="b">preliminary reports on the 1992-1993 and 1993-1994 field seasons</subfield><subfield code="c">ed. by C.A. Hope ... ...</subfield></datafield><datafield ind1="1" ind2="8" tag="246"><subfield code="a">Preliminary reports on the 1992-1993 and 1993-1994 field seasons</subfield></datafield><datafield ind1="1" ind2="3" tag="246"><subfield code="a">Dakhleh Oasis Poject: peliminary reports on the 1992-1993 and 1993-1994 field seasons</subfield></datafield><datafield ind1=" " ind2="1" tag="264"><subfield code="a">Oxford</subfield><subfield code="b">Oxbow Books</subfield><subfield code="c">[1999]</subfield></datafield><datafield ind1=" " ind2="4" tag="264"><subfield code="c">© 1999</subfield></datafield><datafield ind1=" " ind2=" " tag="300"><subfield code="a">103 p.</subfield><subfield code="b">ill.</subfield><subfield code="c">31 cm</subfield></datafield><datafield ind1=" " ind2=" " tag="336"><subfield code="b">txt</subfield><subfield code="2">rdacontent</subfield></datafield><datafield ind1=" " ind2=" " tag="337"><subfield code="b">n</subfield><subfield code="2">rdamedia</subfield></datafield><datafield ind1=" " ind2=" " tag="338"><subfield code="b">nc</subfield><subfield code="2">rdacarrier</subfield></datafield><datafield ind1="1" ind2=" " tag="490"><subfield code="a">Dakhleh Oasis Project. Monograph</subfield><subfield code="v">8</subfield></datafield><datafield ind1=" " ind2="7" tag="650"><subfield code="a">Archéologie</subfield><subfield code="0">(IDREF)02726971X</subfield><subfield code="2">idref</subfield></datafield><datafield ind1=" " ind2="7" tag="651"><subfield code="a">Dakhla (Égypte ; oasis)</subfield><subfield code="0">(IDREF)027483371</subfield><subfield code="2">idref</subfield></datafield><datafield ind1=" " ind2="7" tag="655"><subfield code="a">[Études diverses]</subfield><subfield code="0">(RERO)A022249905</subfield><subfield code="2">rero</subfield></datafield><datafield ind1="1" ind2=" " tag="700"><subfield code="a">Birrell, Michael</subfield></datafield><datafield ind1="1" ind2=" " tag="700"><subfield code="a">Hope, C.A.</subfield></datafield><datafield ind1="1" ind2=" " tag="700"><subfield code="a">Birrell, M.</subfield></datafield><datafield ind1="1" ind2=" " tag="700"><subfield code="a">Hope, Colin A.</subfield><subfield code="d">1950-....</subfield><subfield code="0">(IDREF)069608873</subfield></datafield><datafield ind1="2" ind2=" " tag="710"><subfield code="a">Dakhleh Oasis Project</subfield><subfield code="0">(DE-588)1087151287</subfield></datafield><datafield ind1=" " ind2=" " tag="830"><subfield code="a">Monograph</subfield><subfield code="v">8</subfield><subfield code="w">(RERO)2130385-41slsp</subfield></datafield><datafield ind1=" " ind2=" " tag="830"><subfield code="a">Monograph</subfield><subfield code="v">8</subfield><subfield code="w">(IDSBB)001616200DSV01</subfield></datafield><datafield ind1=" " ind2=" " tag="900"><subfield code="a">REROnoselfmerge</subfield></datafield></record>
</metadata></record>