<record><header><identifier>oai:alma.41SLSP_UGE:991000044799705502</identifier><datestamp>2023-06-20T00:21:01Z</datestamp><setSpec>uge_bcen_RapidILL_BOOK</setSpec><setSpec>uge_aaca_RapidILL_BOOK</setSpec><setSpec>uge_abels_RapidILL_BOOK</setSpec><setSpec>uge_dbu_RapidILL_BOOK</setSpec><setSpec>uge_cmu_RapidILL_BOOK</setSpec><setSpec>uge_mail_RapidILL_BOOK</setSpec><setSpec>uge_abbat_RapidILL_BOOK</setSpec><setSpec>UNIGE_ALL</setSpec><setSpec>uge_aobs_RapidILL_BOOK</setSpec><setSpec>uge_acar_RapidILL_BOOK</setSpec></header><metadata>
<record xmlns="http://www.loc.gov/MARC21/slim" xmlns:xsi="http://www.w3.org/2001/XMLSchema-instance" xsi:schemaLocation="http://www.loc.gov/MARC21/slim http://www.loc.gov/standards/marcxml/schema/MARC21slim.xsd"><leader>02885nam a2200745 c 4500</leader><controlfield tag="001">991000044799705502</controlfield><controlfield tag="005">20230619201222.0</controlfield><controlfield tag="008">201012s2002    xxu||||| |||| 00| ||eng d</controlfield><datafield ind1=" " ind2=" " tag="010"><subfield code="a">2001044813</subfield></datafield><datafield ind1=" " ind2=" " tag="020"><subfield code="a">081011769X</subfield><subfield code="q">cloth : alk. paper</subfield></datafield><datafield ind1=" " ind2=" " tag="035"><subfield code="a">(swissbib)242977383-41slsp_network</subfield></datafield><datafield ind1=" " ind2=" " tag="035"><subfield code="a">242977383</subfield><subfield code="9">ExL</subfield></datafield><datafield ind1=" " ind2=" " tag="035"><subfield code="a">(RERO)R003175106-41slsp</subfield></datafield><datafield ind1=" " ind2=" " tag="035"><subfield code="a">(NEBIS)004192441EBI01</subfield></datafield><datafield ind1=" " ind2=" " tag="035"><subfield code="a">(EXLNZ-41SLSP_NETWORK)991002293489705501</subfield></datafield><datafield ind1=" " ind2=" " tag="040"><subfield code="a">RERO geulhg</subfield><subfield code="d">CH-ZuSLS</subfield></datafield><datafield ind1=" " ind2=" " tag="050"><subfield code="a">PG3022</subfield><subfield code="b">.E52 2001</subfield></datafield><datafield ind1=" " ind2="7" tag="072"><subfield code="a">ht</subfield><subfield code="2">rero</subfield></datafield><datafield ind1=" " ind2="7" tag="072"><subfield code="a">ru</subfield><subfield code="2">rero</subfield></datafield><datafield ind1="0" ind2="0" tag="082"><subfield code="a">700/.947/09043</subfield><subfield code="2">21</subfield></datafield><datafield ind1="0" ind2="4" tag="082"><subfield code="a">891.7</subfield><subfield code="2">21</subfield></datafield><datafield ind1="0" ind2="0" tag="245"><subfield code="a">Enemies of the people</subfield><subfield code="b">the destruction of Soviet literary, theater, and film arts in the 1930s</subfield><subfield code="c">ed. and with an introd. by Katherine Bliss Eaton</subfield></datafield><datafield ind1=" " ind2="1" tag="264"><subfield code="a">Evanston Illinois</subfield><subfield code="b">Northwestern University Press</subfield><subfield code="c">2002</subfield></datafield><datafield ind1=" " ind2=" " tag="300"><subfield code="a">XXXII, 230 p.</subfield><subfield code="b">ill.</subfield><subfield code="c">24 cm</subfield></datafield><datafield ind1=" " ind2=" " tag="336"><subfield code="b">txt</subfield><subfield code="2">rdacontent</subfield></datafield><datafield ind1=" " ind2=" " tag="337"><subfield code="b">n</subfield><subfield code="2">rdamedia</subfield></datafield><datafield ind1=" " ind2=" " tag="338"><subfield code="b">nc</subfield><subfield code="2">rdacarrier</subfield></datafield><datafield ind1="1" ind2=" " tag="490"><subfield code="a">Studies in Russian literature and theory</subfield></datafield><datafield ind1=" " ind2=" " tag="504"><subfield code="a">Includes bibliographical references</subfield></datafield><datafield ind1=" " ind2="7" tag="648"><subfield code="a">Geschichte 1900-1950</subfield><subfield code="2">idszbz</subfield></datafield><datafield ind1=" " ind2="7" tag="648"><subfield code="a">Geschichte 1930-1940</subfield><subfield code="2">idszbz</subfield></datafield><datafield ind1=" " ind2="7" tag="648"><subfield code="a">Geschichte 1930-1940</subfield><subfield code="2">gnd</subfield></datafield><datafield ind1=" " ind2="7" tag="650"><subfield code="a">Censure</subfield><subfield code="0">(IDREF)027285529</subfield><subfield code="2">idref</subfield></datafield><datafield ind1=" " ind2="7" tag="650"><subfield code="a">Répression politique</subfield><subfield code="0">(IDREF)027242528</subfield><subfield code="2">idref</subfield></datafield><datafield ind1=" " ind2="7" tag="650"><subfield code="a">1922-1938</subfield><subfield code="2">rero</subfield></datafield><datafield ind1=" " ind2="7" tag="650"><subfield code="a">1930-1939</subfield><subfield code="2">rero</subfield></datafield><datafield ind1=" " ind2="7" tag="650"><subfield code="a">Cinéma russe</subfield><subfield code="0">(IDREF)027857522</subfield><subfield code="2">idref</subfield></datafield><datafield ind1=" " ind2="7" tag="650"><subfield code="a">Poètes</subfield><subfield code="0">(IDREF)027247627</subfield><subfield code="2">idref</subfield></datafield><datafield ind1=" " ind2="7" tag="650"><subfield code="a">Écrivains</subfield><subfield code="0">(IDREF)027288404</subfield><subfield code="2">idref</subfield></datafield><datafield ind1=" " ind2="7" tag="650"><subfield code="a">Théâtre (genre littéraire) russe</subfield><subfield code="0">(IDREF)027795799</subfield><subfield code="2">idref</subfield></datafield><datafield ind1=" " ind2="7" tag="650"><subfield code="a">Film</subfield><subfield code="2">idszbz</subfield></datafield><datafield ind1=" " ind2="7" tag="650"><subfield code="a">Intellektueller</subfield><subfield code="2">idszbz</subfield></datafield><datafield ind1=" " ind2="7" tag="650"><subfield code="a">Literatur</subfield><subfield code="2">idszbz</subfield></datafield><datafield ind1=" " ind2="7" tag="650"><subfield code="a">Verfolgung</subfield><subfield code="2">idszbz</subfield></datafield><datafield ind1=" " ind2="7" tag="650"><subfield code="a">Theater</subfield><subfield code="2">idszbz</subfield></datafield><datafield ind1=" " ind2="7" tag="650"><subfield code="a">Zensur</subfield><subfield code="2">idszbz</subfield></datafield><datafield ind1=" " ind2="0" tag="650"><subfield code="a">Censorship</subfield><subfield code="z">Soviet Union</subfield><subfield code="x">History</subfield></datafield><datafield ind1=" " ind2="0" tag="650"><subfield code="a">Communism and intellectuals</subfield><subfield code="z">Soviet Union</subfield></datafield><datafield ind1=" " ind2="0" tag="650"><subfield code="a">Literature and state</subfield><subfield code="z">Soviet Union</subfield></datafield><datafield ind1=" " ind2="0" tag="650"><subfield code="a">Motion pictures</subfield><subfield code="z">Soviet Union</subfield><subfield code="x">History</subfield></datafield><datafield ind1=" " ind2="0" tag="650"><subfield code="a">Political persecution</subfield><subfield code="z">Soviet Union</subfield></datafield><datafield ind1=" " ind2="0" tag="650"><subfield code="a">Russian literature</subfield><subfield code="x">Censorship</subfield><subfield code="y">20th century</subfield></datafield><datafield ind1=" " ind2="0" tag="650"><subfield code="a">Russian literature</subfield><subfield code="x">History and criticism</subfield><subfield code="y">20th century</subfield></datafield><datafield ind1=" " ind2="0" tag="650"><subfield code="a">Theater</subfield><subfield code="z">Soviet Union</subfield><subfield code="x">History</subfield></datafield><datafield ind1=" " ind2="7" tag="650"><subfield code="a">Kultur</subfield><subfield code="0">(DE-588)4125698-0</subfield><subfield code="2">gnd</subfield></datafield><datafield ind1=" " ind2="7" tag="650"><subfield code="a">Kulturpolitik</subfield><subfield code="0">(DE-588)4033581-1</subfield><subfield code="2">gnd</subfield></datafield><datafield ind1=" " ind2="7" tag="650"><subfield code="a">Politische Verfolgung</subfield><subfield code="0">(DE-588)4046565-2</subfield><subfield code="2">gnd</subfield></datafield><datafield ind1=" " ind2="7" tag="651"><subfield code="a">URSS</subfield><subfield code="0">(IDREF)027332519</subfield><subfield code="2">idref</subfield></datafield><datafield ind1=" " ind2="7" tag="651"><subfield code="a">Sowjetunion</subfield><subfield code="2">idszbz</subfield></datafield><datafield ind1=" " ind2="7" tag="651"><subfield code="a">Sowjetunion</subfield><subfield code="0">(DE-588)4077548-3</subfield><subfield code="2">gnd</subfield></datafield><datafield ind1=" " ind2="7" tag="655"><subfield code="a">[Études diverses]</subfield><subfield code="0">(RERO)A022249905</subfield><subfield code="2">rero</subfield></datafield><datafield ind1=" " ind2="7" tag="655"><subfield code="a">Aufsatzsammlung</subfield><subfield code="2">idszbz</subfield></datafield><datafield ind1=" " ind2="7" tag="655"><subfield code="a">Aufsatzsammlung</subfield><subfield code="2">gnd-content</subfield></datafield><datafield ind1="1" ind2=" " tag="700"><subfield code="a">Eaton, Katherine Bliss</subfield><subfield code="0">(IDREF)069648166</subfield></datafield><datafield ind1=" " ind2="0" tag="830"><subfield code="a">Studies in Russian literature and theory</subfield><subfield code="w">(RERO)2112500-41slsp</subfield></datafield><datafield ind1=" " ind2=" " tag="900"><subfield code="a">IDSZ2zbzmon200204f</subfield><subfield code="c">IDSZ2beer</subfield><subfield code="d">IDSZ2zbzswk200204b</subfield><subfield code="c">IDSZ2bank</subfield></datafield></record>
</metadata></record>