<record><header><identifier>oai:alma.41SLSP_UGE:991000050969705502</identifier><datestamp>2023-06-26T00:15:32Z</datestamp><setSpec>UNIGE_ALL</setSpec></header><metadata>
<record xmlns="http://www.loc.gov/MARC21/slim" xmlns:xsi="http://www.w3.org/2001/XMLSchema-instance" xsi:schemaLocation="http://www.loc.gov/MARC21/slim http://www.loc.gov/standards/marcxml/schema/MARC21slim.xsd"><leader>02431ngm a2200457 c 4500</leader><controlfield tag="001">991000050969705502</controlfield><controlfield tag="005">20230625183829.0</controlfield><controlfield tag="007">vd |v||||</controlfield><controlfield tag="008">020128s2001    fr ||| |          v|eng d</controlfield><datafield ind1="3" ind2=" " tag="024"><subfield code="a">3453277863385</subfield></datafield><datafield ind1="4" ind2="2" tag="028"><subfield code="a">786338</subfield></datafield><datafield ind1=" " ind2=" " tag="035"><subfield code="a">(swissbib)097498939-41slsp_network</subfield></datafield><datafield ind1=" " ind2=" " tag="035"><subfield code="a">097498939</subfield><subfield code="9">ExL</subfield></datafield><datafield ind1=" " ind2=" " tag="035"><subfield code="a">(RERO)R003143216-41slsp</subfield></datafield><datafield ind1=" " ind2=" " tag="035"><subfield code="a">(EXLNZ-41SLSP_NETWORK)991131177179705501</subfield></datafield><datafield ind1=" " ind2=" " tag="040"><subfield code="a">RERO vsbcvs</subfield><subfield code="d">CH-ZuSLS</subfield></datafield><datafield ind1="1" ind2=" " tag="041"><subfield code="a">eng</subfield><subfield code="a">fre</subfield><subfield code="h">eng</subfield></datafield><datafield ind1=" " ind2="7" tag="072"><subfield code="a">ba</subfield><subfield code="2">rero</subfield></datafield><datafield ind1="0" ind2="0" tag="245"><subfield code="a">Paris, Texas</subfield><subfield code="c">un film de Wim Wenders ; scénario Sam Shepard ; adapt. L.M. Kit Carson ; musique Ry Cooder ; prod. Don Guest</subfield></datafield><datafield ind1=" " ind2="1" tag="264"><subfield code="a">[Lieu de publication non identifié]</subfield><subfield code="b">Argos Films</subfield><subfield code="b">Arte France Développement</subfield><subfield code="c">2001</subfield></datafield><datafield ind1=" " ind2=" " tag="300"><subfield code="a">1 DVD vidéo</subfield><subfield code="b">couleur PAL</subfield><subfield code="e">1 livret (16 p.)</subfield></datafield><datafield ind1=" " ind2=" " tag="336"><subfield code="b">tdi</subfield><subfield code="2">rdacontent</subfield></datafield><datafield ind1=" " ind2=" " tag="337"><subfield code="b">v</subfield><subfield code="2">rdamedia</subfield></datafield><datafield ind1=" " ind2=" " tag="338"><subfield code="b">vd</subfield><subfield code="2">rdacarrier</subfield></datafield><datafield ind1=" " ind2=" " tag="385"><subfield code="a">Dès 14 ans</subfield><subfield code="2">rero</subfield></datafield><datafield ind1=" " ind2=" " tag="500"><subfield code="a">Une prod.: Road Movies - Argos Films, cop. 1984</subfield></datafield><datafield ind1=" " ind2=" " tag="500"><subfield code="a">Choix de langues: Version originale anglaise sous-titrée en français ; Version française</subfield></datafield><datafield ind1=" " ind2=" " tag="500"><subfield code="a">Ecran 16/9 compatible 4/3 - Format image 1.66 (zone 2)</subfield></datafield><datafield ind1=" " ind2=" " tag="500"><subfield code="a">Durée du film: ca 139 min.</subfield></datafield><datafield ind1=" " ind2=" " tag="500"><subfield code="a">Données vidéo</subfield></datafield><datafield ind1="0" ind2=" " tag="505"><subfield code="a">Bonus: Entretien avec Wim Wenders ; Bande-annonce ; Galerie de photos</subfield></datafield><datafield ind1=" " ind2=" " tag="508"><subfield code="a">Dir. de la photogr. Robby Müller ; montage Peter Przygodda ; dir. artistique Kate Altman ; costumes Birgitta Bjerke</subfield></datafield><datafield ind1="0" ind2=" " tag="511"><subfield code="a">Harry Dean Stanton ; Nastassja Kinski ; Dean Stockwell ; Socorro Valdez ; Aurore Clément ; Hunter Carson ; John Lurie ... et al.</subfield></datafield><datafield ind1="8" ind2=" " tag="520"><subfield code="a">En plein désert américain, près de la frontière du Mexique : après avoir disparu pendant quatre années, Travis émerge du désert pour réapparaître dans la vie de son frère Walt, qui le croyait mort et a élevé son fils Hunter depuis sa dispariion. Travis a tout oublié et va lentement reprendre possession de son passé et redécouvrir son fils. Il décide alors, en sa compagnie, de retrouver Jane, sa femme.</subfield><subfield code="5">RERO/geumem/03.2008</subfield></datafield><datafield ind1="8" ind2=" " tag="520"><subfield code="a">Drame</subfield><subfield code="5">RERO/vsbcvs/12.2015</subfield></datafield><datafield ind1=" " ind2="7" tag="655"><subfield code="a">Road movies</subfield><subfield code="0">(IDREF)035152133</subfield><subfield code="2">idref</subfield></datafield><datafield ind1=" " ind2="7" tag="655"><subfield code="a">Films de fiction</subfield><subfield code="0">(IDREF)14779644X</subfield><subfield code="2">idref</subfield></datafield><datafield ind1=" " ind2="7" tag="655"><subfield code="a">DVD</subfield><subfield code="0">(IDREF)035108444</subfield><subfield code="2">idref</subfield></datafield><datafield ind1="1" ind2=" " tag="700"><subfield code="a">Wenders, Wim</subfield><subfield code="d">1945-....</subfield><subfield code="0">(IDREF)029047455</subfield></datafield><datafield ind1="1" ind2=" " tag="700"><subfield code="a">Shepard, Sam</subfield><subfield code="d">1943-2017</subfield><subfield code="0">(IDREF)027572994</subfield></datafield><datafield ind1="1" ind2=" " tag="700"><subfield code="a">Cooder, Ry</subfield><subfield code="d">1947-....</subfield><subfield code="0">(IDREF)052486494</subfield></datafield><datafield ind1="1" ind2=" " tag="700"><subfield code="a">Guest, Don</subfield><subfield code="c">producteur</subfield><subfield code="0">(IDREF)075699281</subfield></datafield></record>
</metadata></record>