<record><header><identifier>oai:alma.41SLSP_UGE:991000050449705502</identifier><datestamp>2023-07-01T00:23:58Z</datestamp><setSpec>uge_bcen_RapidILL_BOOK</setSpec><setSpec>uge_aaca_RapidILL_BOOK</setSpec><setSpec>uge_abels_RapidILL_BOOK</setSpec><setSpec>uge_dbu_RapidILL_BOOK</setSpec><setSpec>uge_cmu_RapidILL_BOOK</setSpec><setSpec>uge_mail_RapidILL_BOOK</setSpec><setSpec>uge_abbat_RapidILL_BOOK</setSpec><setSpec>UNIGE_ALL</setSpec><setSpec>uge_acar_RapidILL_BOOK</setSpec><setSpec>uge_aobs_RapidILL_BOOK</setSpec></header><metadata>
<record xmlns="http://www.loc.gov/MARC21/slim" xmlns:xsi="http://www.w3.org/2001/XMLSchema-instance" xsi:schemaLocation="http://www.loc.gov/MARC21/slim http://www.loc.gov/standards/marcxml/schema/MARC21slim.xsd"><leader>01433naa a22003017c 4500</leader><controlfield tag="001">991000050449705502</controlfield><controlfield tag="005">20230630213326.0</controlfield><controlfield tag="008">140910s2014    sz ||||| |||| 00| ||fre d</controlfield><datafield ind1=" " ind2=" " tag="035"><subfield code="a">(swissbib)12057408X-41slsp_network</subfield></datafield><datafield ind1=" " ind2=" " tag="035"><subfield code="a">12057408X</subfield><subfield code="9">ExL</subfield></datafield><datafield ind1=" " ind2=" " tag="035"><subfield code="a">(RERO)R007875001-41slsp</subfield></datafield><datafield ind1=" " ind2=" " tag="035"><subfield code="a">(EXLNZ-41SLSP_NETWORK)991125029289705501</subfield></datafield><datafield ind1=" " ind2=" " tag="040"><subfield code="a">RERO vdtrc-</subfield><subfield code="d">CH-ZuSLS</subfield></datafield><datafield ind1=" " ind2=" " tag="044"><subfield code="a">sz</subfield><subfield code="c">ch-be</subfield></datafield><datafield ind1=" " ind2="7" tag="072"><subfield code="a">dr</subfield><subfield code="2">rero</subfield></datafield><datafield ind1=" " ind2=" " tag="084"><subfield code="a">CA/CH 57.2 i</subfield><subfield code="2">cjurrom</subfield></datafield><datafield ind1="1" ind2=" " tag="100"><subfield code="a">Hader, Mylène</subfield><subfield code="0">(RERO)A005766664</subfield><subfield code="4">cre</subfield></datafield><datafield ind1="1" ind2="0" tag="245"><subfield code="a">Extrait du rapport du Conseil fédéral du 20 novembre 2013 &quot;Prestations complémentaires à l'AVS/AI: accroissement des coûts et besoins de réforme&quot;</subfield><subfield code="c">présenté par Mylène Hader</subfield></datafield><datafield ind1=" " ind2=" " tag="336"><subfield code="b">txt</subfield><subfield code="2">rdacontent</subfield></datafield><datafield ind1=" " ind2=" " tag="337"><subfield code="b">n</subfield><subfield code="2">rdamedia</subfield></datafield><datafield ind1=" " ind2=" " tag="338"><subfield code="b">nc</subfield><subfield code="2">rdacarrier</subfield></datafield><datafield ind1=" " ind2=" " tag="580"><subfield code="a">In: 20 ans d'encouragement à la propriété du logement au moyen de la prévoyance professionnelle. - Berne : Stämpfli, 2014. - P. 509-532</subfield></datafield><datafield ind1=" " ind2="7" tag="650"><subfield code="a">berufliche Vorsorge</subfield><subfield code="9">ger</subfield><subfield code="0">(RERO)jurivoc000003305ger</subfield><subfield code="2">jurivoc</subfield></datafield><datafield ind1=" " ind2="7" tag="650"><subfield code="a">berufliche Vorsorge nach BVG</subfield><subfield code="9">ger</subfield><subfield code="0">(RERO)jurivoc000003306ger</subfield><subfield code="2">jurivoc</subfield></datafield><datafield ind1=" " ind2="7" tag="650"><subfield code="a">Vorbezug</subfield><subfield code="9">ger</subfield><subfield code="0">(RERO)jurivoc000025732ger</subfield><subfield code="2">jurivoc</subfield></datafield><datafield ind1=" " ind2="7" tag="650"><subfield code="a">EL</subfield><subfield code="9">ger</subfield><subfield code="0">(RERO)jurivoc000006720ger</subfield><subfield code="2">jurivoc</subfield></datafield><datafield ind1=" " ind2="7" tag="650"><subfield code="a">Ergänzungsleistung</subfield><subfield code="9">ger</subfield><subfield code="0">(RERO)jurivoc000007203ger</subfield><subfield code="2">jurivoc</subfield></datafield><datafield ind1=" " ind2="7" tag="651"><subfield code="a">Schweiz</subfield><subfield code="9">ger</subfield><subfield code="0">(RERO)jurivoc000019912ger</subfield><subfield code="2">jurivoc</subfield></datafield><datafield ind1="0" ind2=" " tag="773"><subfield code="t">20 Jahre Wohneigentumsförderung mit Mitteln der beruflichen Vorsorge</subfield><subfield code="g">509</subfield><subfield code="w">(RERO)R007855830-41slsp</subfield></datafield></record>
</metadata></record>