<record><header><identifier>oai:alma.41SLSP_UGE:991000029319705502</identifier><datestamp>2023-03-01T01:09:23Z</datestamp><setSpec>uge_bcen_RapidILL_BOOK</setSpec><setSpec>uge_aaca_RapidILL_BOOK</setSpec><setSpec>uge_abels_RapidILL_BOOK</setSpec><setSpec>uge_dbu_RapidILL_BOOK</setSpec><setSpec>uge_cmu_RapidILL_BOOK</setSpec><setSpec>uge_mail_RapidILL_BOOK</setSpec><setSpec>UNIGE_ALL</setSpec><setSpec>uge_abbat_RapidILL_BOOK</setSpec><setSpec>uge_acar_RapidILL_BOOK</setSpec><setSpec>uge_aobs_RapidILL_BOOK</setSpec></header><metadata>
<record xmlns="http://www.loc.gov/MARC21/slim" xmlns:xsi="http://www.w3.org/2001/XMLSchema-instance" xsi:schemaLocation="http://www.loc.gov/MARC21/slim http://www.loc.gov/standards/marcxml/schema/MARC21slim.xsd"><leader>02049nam a2200517 c 4500</leader><controlfield tag="001">991000029319705502</controlfield><controlfield tag="005">20220815095849.0</controlfield><controlfield tag="008">201011s2007    sz ||||| |||| 00| ||fre d</controlfield><datafield ind1=" " ind2=" " tag="019"><subfield code="a">Chapelain, Jean (1595-1673)</subfield></datafield><datafield ind1=" " ind2=" " tag="020"><subfield code="a">9782600011174</subfield><subfield code="c">87 €</subfield></datafield><datafield ind1=" " ind2=" " tag="035"><subfield code="a">(swissbib)224296728-41slsp_network</subfield></datafield><datafield ind1=" " ind2=" " tag="035"><subfield code="a">224296728</subfield><subfield code="9">ExL</subfield></datafield><datafield ind1=" " ind2=" " tag="035"><subfield code="a">(RERO)R004395223-41slsp</subfield></datafield><datafield ind1=" " ind2=" " tag="035"><subfield code="a">(NEBIS)005389159EBI01</subfield></datafield><datafield ind1=" " ind2=" " tag="035"><subfield code="a">(IDSBB)004254953DSV01</subfield></datafield><datafield ind1=" " ind2=" " tag="035"><subfield code="a">(EXLNZ-41SLSP_NETWORK)991094989279705501</subfield></datafield><datafield ind1=" " ind2=" " tag="040"><subfield code="a">RERO neubfl</subfield><subfield code="d">CH-ZuSLS</subfield></datafield><datafield ind1=" " ind2=" " tag="044"><subfield code="a">sz</subfield><subfield code="c">ch-ge</subfield></datafield><datafield ind1=" " ind2="7" tag="072"><subfield code="a">fr</subfield><subfield code="2">rero</subfield></datafield><datafield ind1=" " ind2="7" tag="072"><subfield code="a">fl</subfield><subfield code="2">SzZuIDS BS/BE</subfield></datafield><datafield ind1="1" ind2=" " tag="080"><subfield code="a">840&quot;16&quot;CHA.J7Opu</subfield></datafield><datafield ind1="0" ind2="4" tag="082"><subfield code="a">844.4</subfield></datafield><datafield ind1="1" ind2="4" tag="082"><subfield code="a">840</subfield><subfield code="2">15</subfield></datafield><datafield ind1=" " ind2=" " tag="084"><subfield code="a">IF 7069</subfield><subfield code="2">rvk</subfield></datafield><datafield ind1=" " ind2=" " tag="084"><subfield code="a">IF 7073</subfield><subfield code="2">rvk</subfield></datafield><datafield ind1="1" ind2=" " tag="100"><subfield code="6">880-01</subfield><subfield code="a">Chapelain, Jean</subfield><subfield code="d">1595-1674</subfield><subfield code="0">(IDREF)033051534</subfield><subfield code="4">cre</subfield></datafield><datafield ind1="1" ind2=" " tag="880"><subfield code="6">100-01</subfield><subfield code="a">Chapelain, Jean</subfield><subfield code="d">1595-1674</subfield><subfield code="0">(DE-588)119501279</subfield></datafield><datafield ind1="1" ind2="0" tag="245"><subfield code="a">Opuscules critiques</subfield><subfield code="c">Jean Chapelain ; éd. Afred C. Hunter ; intro., révision et notes par Anne Duprat</subfield></datafield><datafield ind1=" " ind2="1" tag="264"><subfield code="a">Genève</subfield><subfield code="b">Droz</subfield><subfield code="c">2007</subfield></datafield><datafield ind1=" " ind2=" " tag="300"><subfield code="a">496 p.</subfield><subfield code="b">portr.</subfield><subfield code="c">18 cm</subfield></datafield><datafield ind1=" " ind2=" " tag="336"><subfield code="b">txt</subfield><subfield code="2">rdacontent</subfield></datafield><datafield ind1=" " ind2=" " tag="337"><subfield code="b">n</subfield><subfield code="2">rdamedia</subfield></datafield><datafield ind1=" " ind2=" " tag="338"><subfield code="b">nc</subfield><subfield code="2">rdacarrier</subfield></datafield><datafield ind1="1" ind2=" " tag="490"><subfield code="a">Textes littéraires français</subfield><subfield code="v">590</subfield></datafield><datafield ind1=" " ind2=" " tag="500"><subfield code="a">L'édition d'Alfred C. Hunter des Opuscules critiques de Jean Chapelain a d'abord été publiée sous le patronage de la Société des textes français modernes en 1936</subfield></datafield><datafield ind1="1" ind2="7" tag="600"><subfield code="a">Chapelain, Jean</subfield><subfield code="d">1595-1674</subfield><subfield code="0">(DE-588)119501279</subfield><subfield code="2">gnd</subfield></datafield><datafield ind1="1" ind2="0" tag="600"><subfield code="a">Chapelain, Jean</subfield><subfield code="d">1595-1674</subfield></datafield><datafield ind1=" " ind2="7" tag="650"><subfield code="a">Essay</subfield><subfield code="2">idszbz</subfield></datafield><datafield ind1=" " ind2="7" tag="650"><subfield code="a">Französisch</subfield><subfield code="2">idszbz</subfield></datafield><datafield ind1=" " ind2="7" tag="650"><subfield code="a">Literaturkritik</subfield><subfield code="0">(DE-588)4036020-9</subfield><subfield code="2">gnd</subfield></datafield><datafield ind1=" " ind2="7" tag="655"><subfield code="a">Ausgabe</subfield><subfield code="2">idszbz</subfield></datafield><datafield ind1="1" ind2=" " tag="700"><subfield code="a">Hunter, Alfred C.</subfield><subfield code="d">18..-....</subfield><subfield code="0">(IDREF)033185662</subfield></datafield><datafield ind1="1" ind2=" " tag="700"><subfield code="6">880-03</subfield><subfield code="a">Duprat, Anne</subfield><subfield code="d">1969-</subfield><subfield code="0">(DE-588)140922946</subfield></datafield><datafield ind1="1" ind2=" " tag="880"><subfield code="6">700-03</subfield><subfield code="a">Duprat, Anne</subfield><subfield code="c">professeure de littérature comparée et traductrice</subfield><subfield code="d">1969-....</subfield><subfield code="0">(IDREF)069492921</subfield></datafield><datafield ind1=" " ind2=" " tag="830"><subfield code="a">Textes littéraires français</subfield><subfield code="p">Droz</subfield><subfield code="v">590</subfield><subfield code="w">(IDSBB)000016865DSV01</subfield></datafield><datafield ind1=" " ind2=" " tag="900"><subfield code="a">REROnoselfmerge</subfield></datafield><datafield ind1=" " ind2=" " tag="900"><subfield code="a">IDSZ2zbzmon200706e</subfield><subfield code="c">IDSZ2schi</subfield><subfield code="d">IDSZ2zbzswk200707b</subfield><subfield code="e">IDSZ2groc</subfield></datafield></record>
</metadata></record>