<record><header><identifier>oai:alma.41SLSP_UGE:991000051079705502</identifier><datestamp>2023-11-17T02:32:36Z</datestamp><setSpec>uge_bcen_RapidILL_BOOK</setSpec><setSpec>uge_aaca_RapidILL_BOOK</setSpec><setSpec>uge_abels_RapidILL_BOOK</setSpec><setSpec>uge_dbu_RapidILL_BOOK</setSpec><setSpec>uge_cmu_RapidILL_BOOK</setSpec><setSpec>uge_mail_RapidILL_BOOK</setSpec><setSpec>uge_abbat_RapidILL_BOOK</setSpec><setSpec>UNIGE_ALL</setSpec><setSpec>uge_aobs_RapidILL_BOOK</setSpec><setSpec>uge_acar_RapidILL_BOOK</setSpec></header><metadata>
<record xmlns="http://www.loc.gov/MARC21/slim" xmlns:xsi="http://www.w3.org/2001/XMLSchema-instance" xsi:schemaLocation="http://www.loc.gov/MARC21/slim http://www.loc.gov/standards/marcxml/schema/MARC21slim.xsd"><leader>02086nam a2200529 c 4500</leader><controlfield tag="001">991000051079705502</controlfield><controlfield tag="005">20230429131838.0</controlfield><controlfield tag="008">200226t20212021xxu||||| |||| 01| ||eng d</controlfield><datafield ind1=" " ind2=" " tag="020"><subfield code="a">9780195144529</subfield></datafield><datafield ind1=" " ind2=" " tag="035"><subfield code="a">(swissbib)126338566-41slsp_network</subfield></datafield><datafield ind1=" " ind2=" " tag="035"><subfield code="a">126338566</subfield><subfield code="9">ExL</subfield></datafield><datafield ind1=" " ind2=" " tag="035"><subfield code="a">(RERO)R009020039-41slsp</subfield></datafield><datafield ind1=" " ind2=" " tag="035"><subfield code="a">(EXLNZ-41SLSP_NETWORK)991108859119705501</subfield></datafield><datafield ind1=" " ind2=" " tag="040"><subfield code="a">RERO geulhg</subfield><subfield code="d">CH-ZuSLS</subfield><subfield code="b">fre</subfield><subfield code="e">rda</subfield></datafield><datafield ind1="0" ind2=" " tag="041"><subfield code="a">eng</subfield></datafield><datafield ind1="7" ind2="4" tag="082"><subfield code="a">940</subfield><subfield code="2">23sdnb</subfield></datafield><datafield ind1="7" ind2="4" tag="082"><subfield code="a">020</subfield><subfield code="2">23sdnb</subfield></datafield><datafield ind1="7" ind2="4" tag="082"><subfield code="a">050</subfield><subfield code="2">23sdnb</subfield></datafield><datafield ind1=" " ind2=" " tag="084"><subfield code="a">NW 3200</subfield><subfield code="2">rvk</subfield></datafield><datafield ind1="1" ind2=" " tag="100"><subfield code="6">880-01</subfield><subfield code="a">Darnton, Robert</subfield><subfield code="d">1939-....</subfield><subfield code="0">(IDREF)035679220</subfield><subfield code="4">aut</subfield></datafield><datafield ind1="1" ind2=" " tag="880"><subfield code="a">Darnton, Robert</subfield><subfield code="d">1939-</subfield><subfield code="6">100-01/(B</subfield><subfield code="4">aut</subfield><subfield code="0">(DE-588)118136135</subfield></datafield><datafield ind1="1" ind2="0" tag="245"><subfield code="a">Pirating and publishing</subfield><subfield code="b">the book trade in the age of Enlightenment</subfield><subfield code="c">Robert Darnton</subfield></datafield><datafield ind1=" " ind2="1" tag="264"><subfield code="a">New York</subfield><subfield code="b">Oxford University Press</subfield><subfield code="c">2021</subfield></datafield><datafield ind1=" " ind2="4" tag="264"><subfield code="c">© 2021</subfield></datafield><datafield ind1=" " ind2=" " tag="300"><subfield code="a">vi, 391 pages</subfield></datafield><datafield ind1=" " ind2=" " tag="336"><subfield code="b">txt</subfield><subfield code="2">rdacontent</subfield></datafield><datafield ind1=" " ind2=" " tag="337"><subfield code="b">n</subfield><subfield code="2">rdamedia</subfield></datafield><datafield ind1=" " ind2=" " tag="338"><subfield code="b">nc</subfield><subfield code="2">rdacarrier</subfield></datafield><datafield ind1="2" ind2="7" tag="610"><subfield code="a">Société Typographique de Neuchâtel</subfield><subfield code="2">gnd</subfield><subfield code="0">(DE-588)10153520-X</subfield></datafield><datafield ind1="2" ind2="7" tag="610"><subfield code="a">Société typographique</subfield><subfield code="g">Neuchâtel, Neuchâtel, Suisse</subfield><subfield code="g">1769-1798</subfield><subfield code="0">(IDREF)027750116</subfield><subfield code="2">idref</subfield></datafield><datafield ind1=" " ind2="7" tag="650"><subfield code="a">Imprimés français</subfield><subfield code="0">(IDREF)028243234</subfield><subfield code="2">idref</subfield></datafield><datafield ind1=" " ind2="7" tag="650"><subfield code="a">Librairie</subfield><subfield code="0">(IDREF)027236587</subfield><subfield code="2">idref</subfield></datafield><datafield ind1=" " ind2="7" tag="650"><subfield code="a">Édition</subfield><subfield code="0">(IDREF)027387348</subfield><subfield code="2">idref</subfield></datafield><datafield ind1=" " ind2="7" tag="650"><subfield code="a">Livres</subfield><subfield code="x">Éditions pirates</subfield><subfield code="0">(IDREF)02761056X</subfield><subfield code="2">idref</subfield></datafield><datafield ind1=" " ind2="7" tag="650"><subfield code="a">18e siècle</subfield><subfield code="0">(IDREF)027794512</subfield><subfield code="2">idref</subfield></datafield><datafield ind1=" " ind2=" " tag="691"><subfield code="e">381.450020944</subfield><subfield code="a">Commercio di libri. Francia</subfield><subfield code="2">usi-TE</subfield></datafield><datafield ind1=" " ind2="7" tag="651"><subfield code="a">Schweiz</subfield><subfield code="2">gnd</subfield><subfield code="0">(DE-588)4053881-3</subfield></datafield><datafield ind1=" " ind2="7" tag="651"><subfield code="a">Frankreich</subfield><subfield code="2">gnd</subfield><subfield code="0">(DE-588)4018145-5</subfield></datafield><datafield ind1=" " ind2="7" tag="650"><subfield code="a">Buchhandel</subfield><subfield code="2">gnd</subfield><subfield code="0">(DE-588)4008626-4</subfield></datafield><datafield ind1=" " ind2="7" tag="650"><subfield code="a">Raubdruck</subfield><subfield code="2">gnd</subfield><subfield code="0">(DE-588)4177014-6</subfield></datafield><datafield ind1=" " ind2="7" tag="650"><subfield code="a">Verlag</subfield><subfield code="2">gnd</subfield><subfield code="0">(DE-588)4063004-3</subfield></datafield><datafield ind1=" " ind2="7" tag="648"><subfield code="a">Geschichte 1750-1800</subfield><subfield code="2">gnd</subfield></datafield><datafield ind1="4" ind2="2" tag="856"><subfield code="3">Table of contents</subfield><subfield code="q">PDF</subfield><subfield code="u">https://urn.ub.unibe.ch/urn:ch:slsp:9780195144529:ihv:pdf</subfield></datafield><datafield ind1=" " ind2=" " tag="900"><subfield code="a">REROnoselfmerge</subfield></datafield><datafield ind1=" " ind2=" " tag="900"><subfield code="a">Stoppsignal FRED</subfield><subfield code="x">UBE/B410/202205</subfield></datafield><datafield ind1=" " ind2=" " tag="900"><subfield code="a">Stoppsignal FRED</subfield><subfield code="x">UBS/A125/202209</subfield></datafield><datafield ind1=" " ind2=" " tag="903"><subfield code="a">RERO-SIGN</subfield><subfield code="5">UNIGE/20211117/yvc</subfield></datafield><datafield ind1=" " ind2=" " tag="949"><subfield code="a">https://urn.ub.unibe.ch/urn:ch:slsp:9780195144529:ihv:pdf</subfield></datafield></record>
</metadata></record>