<record><header><identifier>oai:alma.41SLSP_UGE:991000028799705502</identifier><datestamp>2023-07-19T00:18:02Z</datestamp><setSpec>uge_bcen_RapidILL_BOOK</setSpec><setSpec>uge_aaca_RapidILL_BOOK</setSpec><setSpec>uge_abels_RapidILL_BOOK</setSpec><setSpec>uge_dbu_RapidILL_BOOK</setSpec><setSpec>uge_cmu_RapidILL_BOOK</setSpec><setSpec>uge_mail_RapidILL_BOOK</setSpec><setSpec>uge_abbat_RapidILL_BOOK</setSpec><setSpec>UNIGE_ALL</setSpec><setSpec>uge_aobs_RapidILL_BOOK</setSpec><setSpec>uge_acar_RapidILL_BOOK</setSpec></header><metadata>
<record xmlns="http://www.loc.gov/MARC21/slim" xmlns:xsi="http://www.w3.org/2001/XMLSchema-instance" xsi:schemaLocation="http://www.loc.gov/MARC21/slim http://www.loc.gov/standards/marcxml/schema/MARC21slim.xsd"><leader>01098naa a2200277 c 4500</leader><controlfield tag="001">991000028799705502</controlfield><controlfield tag="005">20230717195918.0</controlfield><controlfield tag="008">131002s2013    sz ||||| |||| 00| ||ger d</controlfield><datafield ind1=" " ind2=" " tag="035"><subfield code="a">(swissbib)118198890-41slsp_network</subfield></datafield><datafield ind1=" " ind2=" " tag="035"><subfield code="a">118198890</subfield><subfield code="9">ExL</subfield></datafield><datafield ind1=" " ind2=" " tag="035"><subfield code="a">(RERO)R007491343-41slsp</subfield></datafield><datafield ind1=" " ind2=" " tag="035"><subfield code="a">(EXLNZ-41SLSP_NETWORK)991066316569705501</subfield></datafield><datafield ind1=" " ind2=" " tag="040"><subfield code="a">RERO iftaf-</subfield><subfield code="d">CH-ZuSLS</subfield></datafield><datafield ind1=" " ind2=" " tag="044"><subfield code="a">sz</subfield><subfield code="c">ch-be</subfield></datafield><datafield ind1=" " ind2="7" tag="072"><subfield code="a">dr</subfield><subfield code="2">rero</subfield></datafield><datafield ind1="1" ind2=" " tag="100"><subfield code="a">Huber, Markus Frank</subfield><subfield code="d">1957-....</subfield><subfield code="0">(IDREF)256918201</subfield><subfield code="4">cre</subfield></datafield><datafield ind1="1" ind2="0" tag="245"><subfield code="a">Blickpunkt OECD</subfield><subfield code="b">Entwicklungen im Bereich Verrechnungspreise</subfield><subfield code="c">Markus F. Huber, Fabian Berr</subfield></datafield><datafield ind1=" " ind2=" " tag="336"><subfield code="b">txt</subfield><subfield code="2">rdacontent</subfield></datafield><datafield ind1=" " ind2=" " tag="337"><subfield code="b">n</subfield><subfield code="2">rdamedia</subfield></datafield><datafield ind1=" " ind2=" " tag="338"><subfield code="b">nc</subfield><subfield code="2">rdacarrier</subfield></datafield><datafield ind1=" " ind2=" " tag="580"><subfield code="a">In: Steuer Revue. - Muri-Bern. - Bd. 68(2013), Nr. 10, S. 709-713</subfield></datafield><datafield ind1=" " ind2="7" tag="650"><subfield code="a">Transferpreis</subfield><subfield code="9">ger</subfield><subfield code="0">(RERO)jurivoc000022612ger</subfield><subfield code="2">jurivoc</subfield></datafield><datafield ind1=" " ind2="7" tag="650"><subfield code="a">OECD</subfield><subfield code="9">ger</subfield><subfield code="0">(RERO)jurivoc000016282ger</subfield><subfield code="2">jurivoc</subfield></datafield><datafield ind1=" " ind2="7" tag="650"><subfield code="a">Immaterialgut</subfield><subfield code="9">ger</subfield><subfield code="0">(RERO)jurivoc000011535ger</subfield><subfield code="2">jurivoc</subfield></datafield><datafield ind1=" " ind2="7" tag="651"><subfield code="a">Schweiz</subfield><subfield code="9">ger</subfield><subfield code="0">(RERO)jurivoc000019912ger</subfield><subfield code="2">jurivoc</subfield></datafield><datafield ind1="1" ind2=" " tag="700"><subfield code="a">Berr, Fabian</subfield><subfield code="0">(RERO)A023410895</subfield></datafield><datafield ind1="0" ind2=" " tag="773"><subfield code="t">Steuer Revue = Revue fiscale</subfield><subfield code="g">2013/709</subfield><subfield code="g">yr:2013</subfield><subfield code="w">(RERO)0091839-41slsp</subfield></datafield></record>
</metadata></record>