<record><header><identifier>oai:alma.41SLSP_UGE:991000029529705502</identifier><datestamp>2023-07-27T00:17:05Z</datestamp><setSpec>uge_bcen_RapidILL_BOOK</setSpec><setSpec>uge_aaca_RapidILL_BOOK</setSpec><setSpec>uge_abels_RapidILL_BOOK</setSpec><setSpec>uge_dbu_RapidILL_BOOK</setSpec><setSpec>uge_cmu_RapidILL_BOOK</setSpec><setSpec>uge_mail_RapidILL_BOOK</setSpec><setSpec>uge_abbat_RapidILL_BOOK</setSpec><setSpec>UNIGE_ALL</setSpec><setSpec>uge_aobs_RapidILL_BOOK</setSpec><setSpec>uge_acar_RapidILL_BOOK</setSpec></header><metadata>
<record xmlns="http://www.loc.gov/MARC21/slim" xmlns:xsi="http://www.w3.org/2001/XMLSchema-instance" xsi:schemaLocation="http://www.loc.gov/MARC21/slim http://www.loc.gov/standards/marcxml/schema/MARC21slim.xsd"><leader>01797nam a2200421 c 4500</leader><controlfield tag="001">991000029529705502</controlfield><controlfield tag="005">20230726165405.0</controlfield><controlfield tag="008">201011s2020    sp a          000 0 spa d</controlfield><datafield ind1=" " ind2=" " tag="020"><subfield code="a">9788491921561</subfield><subfield code="q">Iberoamericana</subfield></datafield><datafield ind1=" " ind2=" " tag="020"><subfield code="a">9783968690483</subfield><subfield code="q">Vervuert</subfield></datafield><datafield ind1=" " ind2=" " tag="035"><subfield code="a">(swissbib)211343285-41slsp_network</subfield></datafield><datafield ind1=" " ind2=" " tag="035"><subfield code="a">211343285</subfield><subfield code="9">ExL</subfield></datafield><datafield ind1=" " ind2=" " tag="035"><subfield code="a">(RERO)R009070015-41slsp</subfield></datafield><datafield ind1=" " ind2=" " tag="035"><subfield code="a">(IDSBB)007220542DSV01</subfield></datafield><datafield ind1=" " ind2=" " tag="035"><subfield code="a">(EXLNZ-41SLSP_NETWORK)991069071819705501</subfield></datafield><datafield ind1=" " ind2=" " tag="040"><subfield code="a">OHX</subfield><subfield code="b">ger</subfield><subfield code="e">rda</subfield><subfield code="d">CH-ZuSLS UBS A100</subfield></datafield><datafield ind1="1" ind2=" " tag="080"><subfield code="a">860&quot;16&quot;VEG8</subfield></datafield><datafield ind1="7" ind2="4" tag="082"><subfield code="a">860</subfield><subfield code="2">23sdnb</subfield></datafield><datafield ind1="0" ind2="0" tag="245"><subfield code="a">&lt;&lt;La&gt;&gt; escritura religiosa de Lope de Vega</subfield><subfield code="b">entre lírica y epopeya</subfield><subfield code="c">Jesús Ponce Cárdenas (ed.)</subfield></datafield><datafield ind1=" " ind2="1" tag="264"><subfield code="a">Madrid</subfield><subfield code="b">Iberoamericana</subfield><subfield code="a">Frankfurt am Main</subfield><subfield code="b">Vervuert</subfield><subfield code="c">2020</subfield></datafield><datafield ind1=" " ind2=" " tag="300"><subfield code="a">258 Seiten</subfield><subfield code="b">Illustrationen</subfield></datafield><datafield ind1=" " ind2=" " tag="336"><subfield code="b">txt</subfield><subfield code="2">rdacontent</subfield></datafield><datafield ind1=" " ind2=" " tag="337"><subfield code="b">n</subfield><subfield code="2">rdamedia</subfield></datafield><datafield ind1=" " ind2=" " tag="338"><subfield code="b">nc</subfield><subfield code="2">rdacarrier</subfield></datafield><datafield ind1="1" ind2=" " tag="490"><subfield code="a">Biblioteca aurea Hispanica</subfield><subfield code="v">135</subfield></datafield><datafield ind1="1" ind2="7" tag="600"><subfield code="a">Vega, Lope &lt;&lt;de&gt;&gt;</subfield><subfield code="d">1562-1635</subfield><subfield code="2">gnd</subfield><subfield code="0">(DE-588)118626353</subfield></datafield><datafield ind1=" " ind2="7" tag="650"><subfield code="a">Religiöse Literatur</subfield><subfield code="2">gnd</subfield><subfield code="0">(DE-588)4130394-5</subfield></datafield><datafield ind1="1" ind2="7" tag="600"><subfield code="a">Vega, Lope de</subfield><subfield code="d">1562-1635</subfield><subfield code="0">(IDREF)027179206</subfield><subfield code="2">idref</subfield></datafield><datafield ind1=" " ind2="7" tag="650"><subfield code="a">Poésie religieuse</subfield><subfield code="0">(IDREF)027834263</subfield><subfield code="2">idref</subfield></datafield><datafield ind1=" " ind2="7" tag="650"><subfield code="a">Littérature espagnole</subfield><subfield code="y">1500-1700 (Période classique)</subfield><subfield code="0">(IDREF)027310248</subfield><subfield code="2">idref</subfield></datafield><datafield ind1=" " ind2="7" tag="655"><subfield code="a">[Études diverses]</subfield><subfield code="0">(RERO)A022249905</subfield><subfield code="2">rero</subfield></datafield><datafield ind1=" " ind2="7" tag="655"><subfield code="a">Aufsatzsammlung</subfield><subfield code="2">gnd-content</subfield></datafield><datafield ind1="1" ind2=" " tag="700"><subfield code="6">880-01</subfield><subfield code="a">Ponce Cárdenas, Jesús</subfield><subfield code="d">1973-....</subfield><subfield code="0">(IDREF)067392091</subfield><subfield code="4">edt</subfield></datafield><datafield ind1="1" ind2=" " tag="880"><subfield code="6">700-01/(B</subfield><subfield code="a">Ponce Cárdenas, Jesús</subfield><subfield code="d">1973-</subfield><subfield code="0">(DE-588)1053551371</subfield><subfield code="4">edt</subfield></datafield><datafield ind1=" " ind2="0" tag="830"><subfield code="a">Biblioteca áurea hispánica</subfield><subfield code="v">135</subfield><subfield code="w">(RERO)R244068260-41slsp</subfield></datafield><datafield ind1=" " ind2="0" tag="830"><subfield code="a">Biblioteca áurea hispánica</subfield><subfield code="v">135</subfield><subfield code="w">(IDSBB)001537956DSV01</subfield></datafield><datafield ind1=" " ind2=" " tag="900"><subfield code="a">REROnoselfmerge</subfield></datafield><datafield ind1=" " ind2=" " tag="900"><subfield code="a">Stoppsignal FRED</subfield><subfield code="x">UBE/B400/202105</subfield></datafield><datafield ind1=" " ind2=" " tag="910"><subfield code="a">OCoLC</subfield><subfield code="b">20200821</subfield><subfield code="c">Réutilisation sous conditions: Licence ODC-BY</subfield></datafield></record>
</metadata></record>