<record><header><identifier>oai:alma.41SLSP_UGE:991000029009705502</identifier><datestamp>2024-03-08T01:19:59Z</datestamp><setSpec>uge_bcen_RapidILL_BOOK</setSpec><setSpec>uge_aaca_RapidILL_BOOK</setSpec><setSpec>uge_abels_RapidILL_BOOK</setSpec><setSpec>uge_dbu_RapidILL_BOOK</setSpec><setSpec>uge_cmu_RapidILL_BOOK</setSpec><setSpec>uge_mail_RapidILL_BOOK</setSpec><setSpec>uge_abbat_RapidILL_BOOK</setSpec><setSpec>UNIGE_ALL</setSpec><setSpec>uge_acar_RapidILL_BOOK</setSpec><setSpec>uge_aobs_RapidILL_BOOK</setSpec></header><metadata>
<record xmlns="http://www.loc.gov/MARC21/slim" xmlns:xsi="http://www.w3.org/2001/XMLSchema-instance" xsi:schemaLocation="http://www.loc.gov/MARC21/slim http://www.loc.gov/standards/marcxml/schema/MARC21slim.xsd"><leader>02331nam a2200577 c 4500</leader><controlfield tag="001">991000029009705502</controlfield><controlfield tag="005">20240307234554.0</controlfield><controlfield tag="008">201012s1958    sz ||||| |||| 00| ||fre d</controlfield><datafield ind1=" " ind2=" " tag="019"><subfield code="a">CcMedea</subfield><subfield code="5">SBT/27.01.2004/pk</subfield></datafield><datafield ind1=" " ind2=" " tag="035"><subfield code="a">(swissbib)237303418-41slsp_network</subfield></datafield><datafield ind1=" " ind2=" " tag="035"><subfield code="a">237303418</subfield><subfield code="9">ExL</subfield></datafield><datafield ind1=" " ind2=" " tag="035"><subfield code="a">(RERO)0258811-41slsp</subfield></datafield><datafield ind1=" " ind2=" " tag="035"><subfield code="a">(SBT)000311327SBT01</subfield></datafield><datafield ind1=" " ind2=" " tag="035"><subfield code="a">(NEBIS)002795986EBI01</subfield></datafield><datafield ind1=" " ind2=" " tag="035"><subfield code="a">(IDSBB)000419734DSV01</subfield></datafield><datafield ind1=" " ind2=" " tag="035"><subfield code="a">(ABN)000507592ABN01</subfield></datafield><datafield ind1=" " ind2=" " tag="035"><subfield code="a">(EXLNZ-41SLSP_NETWORK)991128102579705501</subfield></datafield><datafield ind1=" " ind2=" " tag="040"><subfield code="a">RERO</subfield><subfield code="d">CH-ZuSLS</subfield></datafield><datafield ind1="1" ind2=" " tag="041"><subfield code="a">eng</subfield><subfield code="a">fre</subfield><subfield code="a">ger</subfield><subfield code="h">grc</subfield></datafield><datafield ind1=" " ind2="7" tag="072"><subfield code="a">gr</subfield><subfield code="2">rero</subfield></datafield><datafield ind1=" " ind2="7" tag="072"><subfield code="a">kp</subfield><subfield code="2">SzZuIDS BS/BE</subfield></datafield><datafield ind1="1" ind2=" " tag="080"><subfield code="a">875MENAN7Dys</subfield></datafield><datafield ind1="0" ind2=" " tag="100"><subfield code="6">880-01</subfield><subfield code="a">Ménandre</subfield><subfield code="d">0342-0292 av. J.-C.</subfield><subfield code="0">(IDREF)028839099</subfield><subfield code="4">aut</subfield></datafield><datafield ind1="0" ind2=" " tag="880"><subfield code="6">100-01</subfield><subfield code="a">Menander</subfield><subfield code="d">ca. 342 a.C.-ca. 291 a.C.</subfield><subfield code="0">(SBT11)000005339</subfield></datafield><datafield ind1="0" ind2=" " tag="880"><subfield code="a">Menander</subfield><subfield code="d">v342-v291</subfield><subfield code="0">(DE-588)118747525</subfield><subfield code="6">100-01</subfield></datafield><datafield ind1="1" ind2="0" tag="240"><subfield code="a">Dyscolus</subfield></datafield><datafield ind1="1" ind2="0" tag="245"><subfield code="a">&lt;&lt;Le&gt;&gt; dyscolos</subfield><subfield code="c">Ménandre ; publ. par Victor Martin ; [transl. from the French by Gordon Graham] ; [aus dem Französischen übers. von D. Chenaux-Repond]</subfield></datafield><datafield ind1="1" ind2=" " tag="246"><subfield code="i">Titolo di citazione</subfield><subfield code="a">Papyrus Bodmer</subfield><subfield code="n">4</subfield></datafield><datafield ind1=" " ind2="1" tag="264"><subfield code="a">Cologny-Genève</subfield><subfield code="b">Bibliotheca Bodmeriana</subfield><subfield code="c">1958</subfield></datafield><datafield ind1=" " ind2=" " tag="300"><subfield code="a">115 p.</subfield><subfield code="c">24 cm</subfield><subfield code="e">1 brochure et 21 f. de pl. en annexe</subfield></datafield><datafield ind1=" " ind2=" " tag="336"><subfield code="b">txt</subfield><subfield code="2">rdacontent</subfield></datafield><datafield ind1=" " ind2=" " tag="337"><subfield code="b">n</subfield><subfield code="2">rdamedia</subfield></datafield><datafield ind1=" " ind2=" " tag="338"><subfield code="b">nc</subfield><subfield code="2">rdacarrier</subfield></datafield><datafield ind1="1" ind2=" " tag="490"><subfield code="a">Papyrus Bodmer</subfield><subfield code="v">4</subfield></datafield><datafield ind1="0" ind2=" " tag="490"><subfield code="a">Bibliotheca Bodmeriana. Papyri</subfield></datafield><datafield ind1=" " ind2=" " tag="500"><subfield code="a">Titre conventionnel: Dyscolos</subfield></datafield><datafield ind1=" " ind2=" " tag="500"><subfield code="a">La brochure contient les trad. anglaise et allemande</subfield></datafield><datafield ind1=" " ind2=" " tag="500"><subfield code="a">Tavole sciolte e opuscolo con la traduzione tedesca e inglese</subfield></datafield><datafield ind1=" " ind2=" " tag="500"><subfield code="a">Dyscolos francese - inglese</subfield></datafield><datafield ind1=" " ind2=" " tag="500"><subfield code="a">Originaltitel: Dyscolus</subfield></datafield><datafield ind1=" " ind2=" " tag="500"><subfield code="a">Beiheft enth.: English translation ; deutsche Übersetzung</subfield></datafield><datafield ind1=" " ind2=" " tag="691"><subfield code="e">882.01</subfield><subfield code="a">Dramma e poesia drammatica in greco classico, origini-499</subfield><subfield code="2">usi-TE</subfield></datafield><datafield ind1="1" ind2=" " tag="700"><subfield code="a">Graham, Gordon</subfield><subfield code="d">1949-....</subfield><subfield code="0">(IDREF)028419723</subfield><subfield code="4">trl</subfield></datafield><datafield ind1="1" ind2=" " tag="700"><subfield code="a">Chenaux-Repond, Dieter</subfield><subfield code="0">(RERO)A003100034</subfield><subfield code="4">trl</subfield></datafield><datafield ind1="1" ind2=" " tag="700"><subfield code="a">Martin, Victor</subfield><subfield code="d">1886-1964</subfield><subfield code="0">(RERO)A018525223</subfield><subfield code="4">edt</subfield></datafield><datafield ind1="0" ind2=" " tag="730"><subfield code="a">Papyrus Bodmer</subfield><subfield code="p">4</subfield></datafield><datafield ind1=" " ind2=" " tag="830"><subfield code="a">Bibliotheca Bodmeriana</subfield><subfield code="p">Série Papyri</subfield><subfield code="v">4</subfield><subfield code="w">(SBT)000257120SBT01</subfield></datafield><datafield ind1=" " ind2=" " tag="830"><subfield code="a">Papyrus Bodmer</subfield><subfield code="v">4</subfield><subfield code="w">(NEBIS)001016649EBI01</subfield></datafield><datafield ind1=" " ind2=" " tag="900"><subfield code="a">REROnoselfmerge</subfield></datafield><datafield ind1=" " ind2=" " tag="900"><subfield code="a">IDST9ccmedea</subfield></datafield><datafield ind1=" " ind2=" " tag="900"><subfield code="a">IDSZRMedeaZBZ</subfield><subfield code="b">IDSZRSWK</subfield></datafield><datafield ind1=" " ind2=" " tag="900"><subfield code="a">IDSU2remark</subfield><subfield code="f">IDSU2medea</subfield></datafield></record>
</metadata></record>