<record><header><identifier>oai:alma.41SLSP_UGE:991000044189705502</identifier><datestamp>2023-03-01T01:09:23Z</datestamp><setSpec>uge_bcen_RapidILL_BOOK</setSpec><setSpec>uge_aaca_RapidILL_BOOK</setSpec><setSpec>uge_abels_RapidILL_BOOK</setSpec><setSpec>uge_dbu_RapidILL_BOOK</setSpec><setSpec>uge_cmu_RapidILL_BOOK</setSpec><setSpec>uge_mail_RapidILL_BOOK</setSpec><setSpec>UNIGE_ALL</setSpec><setSpec>uge_abbat_RapidILL_BOOK</setSpec><setSpec>uge_aobs_RapidILL_BOOK</setSpec><setSpec>uge_acar_RapidILL_BOOK</setSpec></header><metadata>
<record xmlns="http://www.loc.gov/MARC21/slim" xmlns:xsi="http://www.w3.org/2001/XMLSchema-instance" xsi:schemaLocation="http://www.loc.gov/MARC21/slim http://www.loc.gov/standards/marcxml/schema/MARC21slim.xsd"><leader>01214nam a2200325uc 4500</leader><controlfield tag="001">991000044189705502</controlfield><controlfield tag="005">20201230224047.0</controlfield><controlfield tag="008">201011t19781978xx            00| | und  </controlfield><datafield ind1=" " ind2=" " tag="035"><subfield code="a">(swissbib)229076122-41slsp_network</subfield></datafield><datafield ind1=" " ind2=" " tag="035"><subfield code="a">229076122</subfield><subfield code="9">ExL</subfield></datafield><datafield ind1=" " ind2=" " tag="035"><subfield code="a">(NEBIS)003938932EBI01</subfield></datafield><datafield ind1=" " ind2=" " tag="035"><subfield code="a">(RERO)1635964-41slsp</subfield></datafield><datafield ind1=" " ind2=" " tag="035"><subfield code="a">(EXLNZ-41SLSP_NETWORK)991124345449705501</subfield></datafield><datafield ind1=" " ind2=" " tag="040"><subfield code="a">FH-HGK</subfield><subfield code="b">ger</subfield><subfield code="e">VSB</subfield><subfield code="d">CH-ZuSLS</subfield></datafield><datafield ind1="0" ind2=" " tag="041"><subfield code="a">ita</subfield><subfield code="a">lat</subfield></datafield><datafield ind1=" " ind2="7" tag="072"><subfield code="a">ba</subfield><subfield code="2">rero</subfield></datafield><datafield ind1=" " ind2="7" tag="072"><subfield code="a">it</subfield><subfield code="2">rero</subfield></datafield><datafield ind1="1" ind2=" " tag="100"><subfield code="a">Barocchi, Paola</subfield><subfield code="d">1927-2016</subfield><subfield code="0">(DE-588)1029017719</subfield></datafield><datafield ind1="1" ind2="0" tag="245"><subfield code="a">Scritti d'arte del cinquecento</subfield><subfield code="b">IV : pittura : tomo secondo</subfield></datafield><datafield ind1=" " ind2="1" tag="264"><subfield code="a">[Erscheinungsort nicht ermittelbar]</subfield><subfield code="b">[Verlag nicht ermittelbar]</subfield><subfield code="c">cop. 1978</subfield></datafield><datafield ind1=" " ind2="4" tag="264"><subfield code="c">©1978</subfield></datafield><datafield ind1=" " ind2=" " tag="300"><subfield code="a">2 vol. (XXI p., P. 716-1150).</subfield><subfield code="c">20 cm</subfield></datafield><datafield ind1=" " ind2=" " tag="336"><subfield code="b">txt</subfield><subfield code="2">rdacontent</subfield></datafield><datafield ind1=" " ind2=" " tag="337"><subfield code="b">n</subfield><subfield code="2">rdamedia</subfield></datafield><datafield ind1=" " ind2=" " tag="338"><subfield code="b">nc</subfield><subfield code="2">rdacarrier</subfield></datafield><datafield ind1="1" ind2=" " tag="490"><subfield code="a">Classici Ricciardi</subfield><subfield code="v">82</subfield></datafield><datafield ind1=" " ind2=" " tag="500"><subfield code="a">Questa ed. riproduce esattamente parte del vol. 32, tomo I della collana &quot;La letteratura italiana. Storia e testi&quot;</subfield></datafield><datafield ind1=" " ind2=" " tag="534"><subfield code="p">Reprod. partielle de l'éd. de:</subfield><subfield code="c">Milano-Napoli : Ricciardi, 1971</subfield></datafield><datafield ind1=" " ind2="0" tag="830"><subfield code="a">Scritti d'arte del Cinquecento</subfield><subfield code="v">4</subfield></datafield><datafield ind1=" " ind2=" " tag="830"><subfield code="a">Classici Ricciardi-Einaudi</subfield><subfield code="v">82</subfield><subfield code="w">(RERO)0379279-41slsp</subfield></datafield><datafield ind1=" " ind2=" " tag="900"><subfield code="a">REROnoselfmerge</subfield></datafield><datafield ind1=" " ind2=" " tag="993"><subfield code="a">BFLA 60680/4</subfield><subfield code="x">ge/ulit/a/flz 3770/82</subfield><subfield code="9">LOCAL</subfield></datafield><datafield ind1=" " ind2=" " tag="993"><subfield code="a">BFLA 9524/4</subfield><subfield code="x">ge/ulha/a/86/1156</subfield><subfield code="9">LOCAL</subfield></datafield></record>
</metadata></record><record><header status="deleted"><identifier>oai:alma.41SLSP_UGE:991000028819705502</identifier><datestamp>2024-01-16T01:18:28Z</datestamp><setSpec>uge_bcen_RapidILL_BOOK</setSpec><setSpec>uge_aaca_RapidILL_BOOK</setSpec><setSpec>uge_abels_RapidILL_BOOK</setSpec><setSpec>uge_dbu_RapidILL_BOOK</setSpec><setSpec>uge_cmu_RapidILL_BOOK</setSpec><setSpec>uge_mail_RapidILL_BOOK</setSpec><setSpec>uge_abbat_RapidILL_BOOK</setSpec><setSpec>UNIGE_ALL</setSpec><setSpec>uge_aobs_RapidILL_BOOK</setSpec><setSpec>uge_acar_RapidILL_BOOK</setSpec></header></record>