<record><header><identifier>oai:alma.41SLSP_UGE:991000044809705502</identifier><datestamp>2023-12-15T01:25:13Z</datestamp><setSpec>uge_bcen_RapidILL_BOOK</setSpec><setSpec>uge_aaca_RapidILL_BOOK</setSpec><setSpec>uge_abels_RapidILL_BOOK</setSpec><setSpec>uge_dbu_RapidILL_BOOK</setSpec><setSpec>uge_cmu_RapidILL_BOOK</setSpec><setSpec>uge_mail_RapidILL_BOOK</setSpec><setSpec>uge_abbat_RapidILL_BOOK</setSpec><setSpec>UNIGE_ALL</setSpec><setSpec>uge_aobs_RapidILL_BOOK</setSpec><setSpec>uge_acar_RapidILL_BOOK</setSpec></header><metadata>
<record xmlns="http://www.loc.gov/MARC21/slim" xmlns:xsi="http://www.w3.org/2001/XMLSchema-instance" xsi:schemaLocation="http://www.loc.gov/MARC21/slim http://www.loc.gov/standards/marcxml/schema/MARC21slim.xsd"><leader>03893nam a2200769 c 4500</leader><controlfield tag="001">991000044809705502</controlfield><controlfield tag="005">20230619202557.0</controlfield><controlfield tag="008">201011s2012    xxk||||| |||| 00| ||grc d</controlfield><datafield ind1=" " ind2=" " tag="010"><subfield code="a">2011029431</subfield></datafield><datafield ind1=" " ind2=" " tag="015"><subfield code="a">GBB191254</subfield><subfield code="2">bnb</subfield></datafield><datafield ind1=" " ind2=" " tag="020"><subfield code="a">9780521709774</subfield><subfield code="q">pbk.</subfield><subfield code="c">No price</subfield></datafield><datafield ind1=" " ind2=" " tag="020"><subfield code="a">9780521883320</subfield><subfield code="q">hbk.</subfield><subfield code="c">£45.00</subfield></datafield><datafield ind1=" " ind2=" " tag="020"><subfield code="a">0521883326</subfield><subfield code="q">hbk.</subfield><subfield code="c">£45.00</subfield></datafield><datafield ind1=" " ind2=" " tag="020"><subfield code="a">0521709776</subfield><subfield code="q">pbk.</subfield><subfield code="c">No price</subfield></datafield><datafield ind1=" " ind2=" " tag="035"><subfield code="a">(swissbib)21646191X-41slsp_network</subfield></datafield><datafield ind1=" " ind2=" " tag="035"><subfield code="a">21646191X</subfield><subfield code="9">ExL</subfield></datafield><datafield ind1=" " ind2=" " tag="035"><subfield code="a">(RERO)R007049434-41slsp</subfield></datafield><datafield ind1=" " ind2=" " tag="035"><subfield code="a">(NEBIS)006594987EBI01</subfield></datafield><datafield ind1=" " ind2=" " tag="035"><subfield code="a">(IDSBB)005673117DSV01</subfield></datafield><datafield ind1=" " ind2=" " tag="035"><subfield code="a">(OCoLC)741355756</subfield></datafield><datafield ind1=" " ind2=" " tag="035"><subfield code="a">(EXLNZ-41SLSP_NETWORK)991041886649705501</subfield></datafield><datafield ind1=" " ind2=" " tag="040"><subfield code="a">DLC</subfield><subfield code="d">CH-ZuSLS</subfield></datafield><datafield ind1="0" ind2=" " tag="041"><subfield code="a">eng</subfield><subfield code="a">grc</subfield></datafield><datafield ind1=" " ind2="0" tag="050"><subfield code="a">PA4020</subfield><subfield code="b">.P22 2012</subfield></datafield><datafield ind1=" " ind2="7" tag="072"><subfield code="a">gr</subfield><subfield code="2">rero</subfield></datafield><datafield ind1=" " ind2="7" tag="072"><subfield code="a">kp</subfield><subfield code="2">SzZuIDS BS/BE</subfield></datafield><datafield ind1="1" ind2=" " tag="080"><subfield code="a">875HOMER7Ili</subfield></datafield><datafield ind1="0" ind2="0" tag="082"><subfield code="a">883/.01</subfield><subfield code="2">23</subfield></datafield><datafield ind1="0" ind2="4" tag="082"><subfield code="a">880</subfield><subfield code="2">22/ger</subfield></datafield><datafield ind1="0" ind2="4" tag="082"><subfield code="a">881</subfield><subfield code="2">21</subfield></datafield><datafield ind1="1" ind2="4" tag="082"><subfield code="a">883.01</subfield><subfield code="2">23</subfield></datafield><datafield ind1=" " ind2=" " tag="084"><subfield code="a">LCO003000</subfield><subfield code="2">bisacsh</subfield></datafield><datafield ind1=" " ind2=" " tag="084"><subfield code="a">FH 20080</subfield><subfield code="2">rvk</subfield></datafield><datafield ind1="0" ind2=" " tag="100"><subfield code="a">Homerus</subfield><subfield code="d">ca. v8. Jh.</subfield><subfield code="0">(DE-588)11855333X</subfield><subfield code="6">880-01</subfield></datafield><datafield ind1="0" ind2=" " tag="880"><subfield code="6">100-01</subfield><subfield code="a">Homère</subfield><subfield code="d">08..?-08..? av. J.-C.</subfield><subfield code="0">(IDREF)026924005</subfield><subfield code="4">cre</subfield></datafield><datafield ind1="1" ind2="0" tag="240"><subfield code="a">Ilias</subfield></datafield><datafield ind1="1" ind2="0" tag="245"><subfield code="a">Iliad, book XXII</subfield><subfield code="c">Homer ; edited by Irene J. F. de Jong</subfield></datafield><datafield ind1=" " ind2="1" tag="264"><subfield code="a">Cambridge</subfield><subfield code="a">New York</subfield><subfield code="b">Cambridge University Press</subfield><subfield code="c">2012</subfield></datafield><datafield ind1=" " ind2=" " tag="300"><subfield code="a">x, 210 p.</subfield><subfield code="c">22 cm</subfield></datafield><datafield ind1=" " ind2=" " tag="336"><subfield code="b">txt</subfield><subfield code="2">rdacontent</subfield></datafield><datafield ind1=" " ind2=" " tag="337"><subfield code="b">n</subfield><subfield code="2">rdamedia</subfield></datafield><datafield ind1=" " ind2=" " tag="338"><subfield code="b">nc</subfield><subfield code="2">rdacarrier</subfield></datafield><datafield ind1="0" ind2=" " tag="490"><subfield code="a">Cambridge Greek and Latin classics</subfield></datafield><datafield ind1=" " ind2=" " tag="500"><subfield code="a">Einführung und Kommentar engl., Text griech.</subfield></datafield><datafield ind1=" " ind2=" " tag="500"><subfield code="a">Text in Ancient Greek with commentary in English</subfield></datafield><datafield ind1=" " ind2=" " tag="504"><subfield code="a">Includes bibliographical references and indexes</subfield></datafield><datafield ind1="0" ind2=" " tag="505"><subfield code="a">Machine generated contents note: Introduction ; Text ; Commentary</subfield></datafield><datafield ind1="8" ind2=" " tag="520"><subfield code="a">&quot;Book XXII recounts the climax of the Iliad: the fatal encounter between the main defender of Troy and the greatest warrior of the Greeks, which results in the death of Hector and Achilles' revenge for the death of his friend Patroclus ; but at the same time adumbrates Achilles' own death and the fall of Troy. The introduction summarises central debates in Homeric scholarship, such as the circumstances of composition and the literary interpretation of an oral poem, and offers synoptic discussions of the structure of the Iliad, the role of the narrator, similes and epithets. There is a separate section on language, which provides a compact list of the most frequent Homeric characteristics. While the introduction is mainly geared at intermediate and advanced students, the commentary is designed for use by both students and professional classicists: it offers up-to-date linguistic guidance, and elucidates narrative techniques, typical elements and central themes&quot;-- Provided by publisher</subfield></datafield><datafield ind1="0" ind2="0" tag="600"><subfield code="a">Homer.</subfield><subfield code="t">Iliad.</subfield><subfield code="n">Book 22</subfield></datafield><datafield ind1="0" ind2="7" tag="600"><subfield code="a">Homère.</subfield><subfield code="t">&quot;Iliade.</subfield><subfield code="n">22&quot;</subfield><subfield code="2">rero</subfield></datafield><datafield ind1="0" ind2="7" tag="600"><subfield code="a">Homerus</subfield><subfield code="d">ca. v8. Jh.</subfield><subfield code="t">Ilias 22</subfield><subfield code="0">(DE-588)4707479-6</subfield><subfield code="2">gnd</subfield></datafield><datafield ind1="0" ind2="0" tag="600"><subfield code="a">Homer</subfield><subfield code="t">Iliad</subfield><subfield code="n">Book 22</subfield></datafield><datafield ind1="0" ind2="0" tag="600"><subfield code="a">Achilles</subfield><subfield code="c">Mythological character</subfield><subfield code="v">Poetry</subfield></datafield><datafield ind1="0" ind2="0" tag="600"><subfield code="a">Homer</subfield><subfield code="t">Iliad</subfield></datafield><datafield ind1=" " ind2="0" tag="650"><subfield code="a">Achilles (Greek mythology)</subfield><subfield code="v">Poetry</subfield></datafield><datafield ind1=" " ind2="0" tag="650"><subfield code="a">Trojan War</subfield><subfield code="v">Poetry</subfield></datafield><datafield ind1=" " ind2="7" tag="650"><subfield code="a">LITERARY COLLECTIONS / Ancient, Classical &amp; Medieval</subfield><subfield code="2">bisacsh</subfield></datafield><datafield ind1=" " ind2="7" tag="655"><subfield code="a">Commentaire de texte</subfield><subfield code="0">(IDREF)27790681</subfield><subfield code="2">idref</subfield></datafield><datafield ind1=" " ind2="0" tag="655"><subfield code="a">Epic poetry, Greek</subfield></datafield><datafield ind1=" " ind2="7" tag="655"><subfield code="a">Kommentar</subfield><subfield code="2">gnd-content</subfield></datafield><datafield ind1="1" ind2=" " tag="700"><subfield code="a">Jong, Irene J.F. de</subfield></datafield><datafield ind1="1" ind2=" " tag="700"><subfield code="a">Jong, Irene J. F. &lt;&lt;de&gt;&gt;</subfield><subfield code="d">1957-</subfield><subfield code="0">(DE-588)113041802</subfield></datafield><datafield ind1="0" ind2="2" tag="700"><subfield code="a">Homerus</subfield><subfield code="d">ca. v8. Jh.</subfield><subfield code="t">Ilias</subfield><subfield code="n">Lib. 22</subfield></datafield><datafield ind1="1" ind2=" " tag="700"><subfield code="a">Jong, Irene J. F. de</subfield><subfield code="d">1957-....</subfield><subfield code="0">(IDREF)029127785</subfield></datafield><datafield ind1="4" ind2="2" tag="856"><subfield code="u">http://assets.cambridge.org/97805218/83320/cover/9780521883320.jpg</subfield></datafield><datafield ind1="4" ind2=" " tag="856"><subfield code="3">Titelblatt und Inhaltsverzeichnis</subfield><subfield code="u">https://toc.library.ethz.ch/objects/pdf/z01_978-0-521-88332-0_01.pdf</subfield><subfield code="q">pdf</subfield></datafield><datafield ind1=" " ind2=" " tag="900"><subfield code="a">IDSZ2zbzmon201201f</subfield><subfield code="c">IDSZ2gall</subfield><subfield code="d">IDSZ2zbzswk201209b</subfield><subfield code="e">IDSZ2seid</subfield></datafield><datafield ind1=" " ind2=" " tag="949"><subfield code="a">https://toc.library.ethz.ch/objects/pdf/z01_978-0-521-88332-0_01.pdf</subfield></datafield></record>
</metadata></record>