<record><header><identifier>oai:alma.41SLSP_UGE:991000029649705502</identifier><datestamp>2023-03-04T01:20:34Z</datestamp><setSpec>uge_bcen_RapidILL_BOOK</setSpec><setSpec>uge_aaca_RapidILL_BOOK</setSpec><setSpec>uge_abels_RapidILL_BOOK</setSpec><setSpec>uge_dbu_RapidILL_BOOK</setSpec><setSpec>uge_cmu_RapidILL_BOOK</setSpec><setSpec>uge_mail_RapidILL_BOOK</setSpec><setSpec>uge_abbat_RapidILL_BOOK</setSpec><setSpec>UNIGE_ALL</setSpec><setSpec>uge_aobs_RapidILL_BOOK</setSpec><setSpec>uge_acar_RapidILL_BOOK</setSpec></header><metadata>
<record xmlns="http://www.loc.gov/MARC21/slim" xmlns:xsi="http://www.w3.org/2001/XMLSchema-instance" xsi:schemaLocation="http://www.loc.gov/MARC21/slim http://www.loc.gov/standards/marcxml/schema/MARC21slim.xsd"><leader>01033nam a2200313 c 4500</leader><controlfield tag="001">991000029649705502</controlfield><controlfield tag="005">20230303212410.0</controlfield><controlfield tag="008">201011s1903    fr ||||| |||| 00| ||fre d</controlfield><datafield ind1="7" ind2=" " tag="024"><subfield code="a">http://catalogue.bnf.fr/ark:/12148/cb311916980</subfield><subfield code="2">uri</subfield></datafield><datafield ind1=" " ind2=" " tag="035"><subfield code="a">(swissbib)226457222-41slsp_network</subfield></datafield><datafield ind1=" " ind2=" " tag="035"><subfield code="a">226457222</subfield><subfield code="9">ExL</subfield></datafield><datafield ind1=" " ind2=" " tag="035"><subfield code="a">(RERO)1975457-41slsp</subfield></datafield><datafield ind1=" " ind2=" " tag="035"><subfield code="a">(NEBIS)008782534EBI01</subfield></datafield><datafield ind1=" " ind2=" " tag="035"><subfield code="a">(IDSBB)002834609DSV01</subfield></datafield><datafield ind1=" " ind2=" " tag="035"><subfield code="a">(EXLNZ-41SLSP_NETWORK)991101511649705501</subfield></datafield><datafield ind1=" " ind2=" " tag="040"><subfield code="a">RERO geuhim</subfield><subfield code="d">CH-ZuSLS</subfield></datafield><datafield ind1=" " ind2="7" tag="072"><subfield code="a">me</subfield><subfield code="2">rero</subfield></datafield><datafield ind1="1" ind2=" " tag="100"><subfield code="a">Brouardel, Paul</subfield><subfield code="d">1837-1906</subfield><subfield code="0">(IDREF)030731291</subfield><subfield code="4">cre</subfield></datafield><datafield ind1="1" ind2="0" tag="245"><subfield code="a">&lt;&lt;La&gt;&gt; profession médicale au commencement du XXe siècle</subfield><subfield code="c">par Paul Brouardel</subfield></datafield><datafield ind1=" " ind2="1" tag="264"><subfield code="a">Paris</subfield><subfield code="b">J.-B. Baillière</subfield><subfield code="c">1903</subfield></datafield><datafield ind1=" " ind2=" " tag="300"><subfield code="a">230 p.</subfield><subfield code="c">19 cm</subfield></datafield><datafield ind1=" " ind2=" " tag="336"><subfield code="b">txt</subfield><subfield code="2">rdacontent</subfield></datafield><datafield ind1=" " ind2=" " tag="337"><subfield code="b">n</subfield><subfield code="2">rdamedia</subfield></datafield><datafield ind1=" " ind2=" " tag="338"><subfield code="b">nc</subfield><subfield code="2">rdacarrier</subfield></datafield><datafield ind1=" " ind2="7" tag="650"><subfield code="a">Personnel médical</subfield><subfield code="0">(IDREF)027246477</subfield><subfield code="2">idref</subfield></datafield><datafield ind1=" " ind2="7" tag="650"><subfield code="a">20e siècle</subfield><subfield code="0">(IDREF)086305646</subfield><subfield code="2">idref</subfield></datafield><datafield ind1=" " ind2=" " tag="690"><subfield code="a">Standesfragen</subfield><subfield code="2">uzb-UU</subfield></datafield><datafield ind1=" " ind2=" " tag="690"><subfield code="a">Ethik</subfield><subfield code="2">uzb-UU</subfield></datafield><datafield ind1=" " ind2=" " tag="900"><subfield code="a">REROnoselfmerge</subfield></datafield><datafield ind1=" " ind2=" " tag="900"><subfield code="f">IDSU2medea</subfield></datafield></record>
</metadata></record>