<record><header><identifier>oai:alma.41SLSP_UGE:991000045019705502</identifier><datestamp>2024-07-20T00:24:46Z</datestamp><setSpec>UNIGE_ALL</setSpec></header><metadata>
<record xmlns="http://www.loc.gov/MARC21/slim" xmlns:xsi="http://www.w3.org/2001/XMLSchema-instance" xsi:schemaLocation="http://www.loc.gov/MARC21/slim http://www.loc.gov/standards/marcxml/schema/MARC21slim.xsd"><leader>00937njm a22002897c 4500</leader><controlfield tag="001">991000045019705502</controlfield><controlfield tag="005">20211024130947.0</controlfield><controlfield tag="007">sd f||g|||||||</controlfield><controlfield tag="008">110122s1989    sw ||n |            eng d</controlfield><datafield ind1="0" ind2="2" tag="028"><subfield code="a">Bluebell ABCD 022</subfield></datafield><datafield ind1=" " ind2=" " tag="035"><subfield code="a">(swissbib)113551932-41slsp_network</subfield></datafield><datafield ind1=" " ind2=" " tag="035"><subfield code="a">113551932</subfield><subfield code="9">ExL</subfield></datafield><datafield ind1=" " ind2=" " tag="035"><subfield code="a">(RERO)R006020107-41slsp</subfield></datafield><datafield ind1=" " ind2=" " tag="035"><subfield code="a">(EXLNZ-41SLSP_NETWORK)991053446719705501</subfield></datafield><datafield ind1=" " ind2=" " tag="040"><subfield code="a">RERO geulmu</subfield><subfield code="d">CH-ZuSLS</subfield></datafield><datafield ind1=" " ind2="7" tag="072"><subfield code="a">mu</subfield><subfield code="2">rero</subfield></datafield><datafield ind1="1" ind2=" " tag="100"><subfield code="a">Liszt, Franz</subfield><subfield code="d">1811-1886</subfield><subfield code="0">(IDREF)026991535</subfield><subfield code="4">cre</subfield></datafield><datafield ind1="1" ind2="0" tag="245"><subfield code="a">Lieder</subfield><subfield code="b">= Songs : vol. 2</subfield><subfield code="c">Franz Liszt</subfield></datafield><datafield ind1=" " ind2="1" tag="264"><subfield code="a">Stockholm</subfield><subfield code="b">[éditeur non identifié]</subfield><subfield code="c">1989</subfield></datafield><datafield ind1=" " ind2=" " tag="300"><subfield code="a">1 disque compact</subfield></datafield><datafield ind1=" " ind2=" " tag="336"><subfield code="b">prm</subfield><subfield code="2">rdacontent</subfield></datafield><datafield ind1=" " ind2=" " tag="337"><subfield code="b">s</subfield><subfield code="2">rdamedia</subfield></datafield><datafield ind1=" " ind2=" " tag="338"><subfield code="b">sd</subfield><subfield code="2">rdacarrier</subfield></datafield><datafield ind1=" " ind2=" " tag="500"><subfield code="a">Formation: voix de ténor, piano</subfield></datafield><datafield ind1="1" ind2=" " tag="700"><subfield code="a">Gedda, Nicolai</subfield><subfield code="d">1925-2017</subfield><subfield code="0">(IDREF)052562026</subfield></datafield><datafield ind1="1" ind2=" " tag="700"><subfield code="a">Roos, Lars</subfield><subfield code="d">1945-....</subfield><subfield code="0">(IDREF)252732545</subfield></datafield><datafield ind1="1" ind2=" " tag="700"><subfield code="a">Tennyson, Alfred</subfield><subfield code="d">1809-1892</subfield><subfield code="0">(IDREF)026672545</subfield></datafield><datafield ind1=" " ind2=" " tag="900"><subfield code="a">REROnoselfmerge</subfield></datafield><datafield ind1=" " ind2=" " tag="960"><subfield code="2">matmu</subfield><subfield code="a">Hongrie ; XIXe ; Romantisme ; lieder ; piano,ténor</subfield><subfield code="9">LOCAL</subfield></datafield></record>
</metadata></record>