<record><header><identifier>oai:alma.41SLSP_UGE:991000029439705502</identifier><datestamp>2023-03-01T01:09:23Z</datestamp><setSpec>uge_bcen_RapidILL_BOOK</setSpec><setSpec>uge_aaca_RapidILL_BOOK</setSpec><setSpec>uge_abels_RapidILL_BOOK</setSpec><setSpec>uge_dbu_RapidILL_BOOK</setSpec><setSpec>uge_cmu_RapidILL_BOOK</setSpec><setSpec>uge_mail_RapidILL_BOOK</setSpec><setSpec>UNIGE_ALL</setSpec><setSpec>uge_abbat_RapidILL_BOOK</setSpec><setSpec>uge_acar_RapidILL_BOOK</setSpec><setSpec>uge_aobs_RapidILL_BOOK</setSpec></header><metadata>
<record xmlns="http://www.loc.gov/MARC21/slim" xmlns:xsi="http://www.w3.org/2001/XMLSchema-instance" xsi:schemaLocation="http://www.loc.gov/MARC21/slim http://www.loc.gov/standards/marcxml/schema/MARC21slim.xsd"><leader>03242naa a2200409 c 4500</leader><controlfield tag="001">991000029439705502</controlfield><controlfield tag="005">20230217224200.0</controlfield><controlfield tag="008">060320s1983    le ||||| |||| 00| ||mul d</controlfield><datafield ind1=" " ind2=" " tag="035"><subfield code="a">(swissbib)103386114-41slsp_network</subfield></datafield><datafield ind1=" " ind2=" " tag="035"><subfield code="a">103386114</subfield><subfield code="9">ExL</subfield></datafield><datafield ind1=" " ind2=" " tag="035"><subfield code="a">(RERO)R004093314-41slsp</subfield></datafield><datafield ind1=" " ind2=" " tag="035"><subfield code="a">(EXLNZ-41SLSP_NETWORK)991012059669705501</subfield></datafield><datafield ind1=" " ind2=" " tag="040"><subfield code="a">RERO geular</subfield><subfield code="d">CH-ZuSLS</subfield></datafield><datafield ind1="0" ind2=" " tag="041"><subfield code="a">ara</subfield><subfield code="a">eng</subfield></datafield><datafield ind1=" " ind2="7" tag="072"><subfield code="a">bt</subfield><subfield code="2">rero</subfield></datafield><datafield ind1="0" ind2="0" tag="245"><subfield code="6">880-01</subfield><subfield code="a">Bibliyūġrāfiyā al-Waḥda al-ʿarabiyya</subfield><subfield code="b">1908-1980 = Arab Unity : bibliography : 1908-1980</subfield><subfield code="c">Centre for Arab Unity Studies</subfield></datafield><datafield ind1="0" ind2="0" tag="880"><subfield code="6">245-01/(3/r</subfield><subfield code="a">ببليوغرافيا الوحدة العربية</subfield><subfield code="b">1908-1980 = Arab Unity : bibliography : 1908-1980</subfield><subfield code="c">Centre for Arab Unity Studies</subfield></datafield><datafield ind1="1" ind2=" " tag="246"><subfield code="a">Arab Unity</subfield><subfield code="b">bibliography : 1908-1980</subfield></datafield><datafield ind1=" " ind2="1" tag="264"><subfield code="6">880-02</subfield><subfield code="a">Bayrūt</subfield><subfield code="b">Markaz dirāsāt al-Waḥda al-ʿarabiyya</subfield><subfield code="c">1983</subfield></datafield><datafield ind1=" " ind2="1" tag="880"><subfield code="6">264-02/(3/r</subfield><subfield code="a">بيروت</subfield><subfield code="b">مركز دراسات الوحدة العربية</subfield><subfield code="c">1983</subfield></datafield><datafield ind1=" " ind2=" " tag="300"><subfield code="a">4 vol.</subfield><subfield code="c">28 cm</subfield></datafield><datafield ind1=" " ind2=" " tag="336"><subfield code="b">txt</subfield><subfield code="2">rdacontent</subfield></datafield><datafield ind1=" " ind2=" " tag="337"><subfield code="b">n</subfield><subfield code="2">rdamedia</subfield></datafield><datafield ind1=" " ind2=" " tag="338"><subfield code="b">nc</subfield><subfield code="2">rdacarrier</subfield></datafield><datafield ind1="0" ind2="0" tag="505"><subfield code="6">880-03</subfield><subfield code="g">Vol. 1, part. 1: Al-muʾallifūn bi al-ʿarabiyya. - 1057 p</subfield></datafield><datafield ind1="0" ind2="0" tag="880"><subfield code="6">505-03/(3/r</subfield><subfield code="g">Vol. 1, part. 1: المؤلفون بالعربية - 1057 p</subfield></datafield><datafield ind1="0" ind2="0" tag="505"><subfield code="6">880-04</subfield><subfield code="g">Vol. 1, part. 2: Al-muʾallifūn bi al-inklīziyya wa al-ifransiyya. - 1096 p</subfield></datafield><datafield ind1="0" ind2="0" tag="880"><subfield code="6">505-04/(3/r</subfield><subfield code="g">Vol. 1, part. 2: المؤلفون بالإنكليزية والفرنسية. - 1096 p</subfield></datafield><datafield ind1="0" ind2="0" tag="505"><subfield code="6">880-05</subfield><subfield code="g">Vol. 2, part. 1: Al-ʿanāwīn bi al-ʿarabiyya. - 396 p</subfield></datafield><datafield ind1="0" ind2="0" tag="880"><subfield code="6">505-05/(3/r</subfield><subfield code="g">Vol. 2, part. 1: العناوين بالعربية. - 396 p</subfield></datafield><datafield ind1="0" ind2="0" tag="505"><subfield code="6">880-06</subfield><subfield code="g">Vol. 2, part. 2: Al-ʿanāwīn bi al-inklīziyya wa al-ifransiyya. - 366 p</subfield></datafield><datafield ind1="0" ind2="0" tag="880"><subfield code="6">505-06/(3/r</subfield><subfield code="g">Vol. 2, part. 2: المؤلفون بالإنكليزية والفرنسية. - 366 p</subfield></datafield><datafield ind1=" " ind2="7" tag="650"><subfield code="a">1908-1980</subfield><subfield code="2">rero</subfield></datafield><datafield ind1=" " ind2="7" tag="651"><subfield code="a">Pays arabes</subfield><subfield code="0">(IDREF)027228959</subfield><subfield code="2">idref</subfield></datafield><datafield ind1=" " ind2="7" tag="655"><subfield code="a">Bibliographie</subfield><subfield code="0">(IDREF)027229386</subfield><subfield code="2">idref</subfield></datafield><datafield ind1="2" ind2=" " tag="710"><subfield code="6">880-07</subfield><subfield code="a">Centre des études de l'union arabe</subfield><subfield code="g">Beyrouth</subfield><subfield code="0">(IDREF)028116070</subfield></datafield><datafield ind1="2" ind2=" " tag="880"><subfield code="6">710-07/(3/r</subfield><subfield code="a">مركز دراسات الوحدة العربية (بيروت)</subfield></datafield><datafield ind1=" " ind2=" " tag="900"><subfield code="a">REROnoselfmerge</subfield></datafield></record>
</metadata></record>