<record><header><identifier>oai:alma.41SLSP_UGE:991000045039705502</identifier><datestamp>2023-03-17T01:52:00Z</datestamp><setSpec>uge_bcen_RapidILL_BOOK</setSpec><setSpec>uge_aaca_RapidILL_BOOK</setSpec><setSpec>uge_abels_RapidILL_BOOK</setSpec><setSpec>uge_dbu_RapidILL_BOOK</setSpec><setSpec>uge_cmu_RapidILL_BOOK</setSpec><setSpec>uge_mail_RapidILL_BOOK</setSpec><setSpec>uge_abbat_RapidILL_BOOK</setSpec><setSpec>UNIGE_ALL</setSpec><setSpec>uge_aobs_RapidILL_BOOK</setSpec><setSpec>uge_acar_RapidILL_BOOK</setSpec></header><metadata>
<record xmlns="http://www.loc.gov/MARC21/slim" xmlns:xsi="http://www.w3.org/2001/XMLSchema-instance" xsi:schemaLocation="http://www.loc.gov/MARC21/slim http://www.loc.gov/standards/marcxml/schema/MARC21slim.xsd"><leader>01762nam a2200373 c 4500</leader><controlfield tag="001">991000045039705502</controlfield><controlfield tag="005">20230315174723.0</controlfield><controlfield tag="008">170425s2017    fr ||||| |||| 10| ||fre d</controlfield><datafield ind1=" " ind2=" " tag="020"><subfield code="a">9782749254838</subfield></datafield><datafield ind1="7" ind2=" " tag="024"><subfield code="a">http://catalogue.bnf.fr/ark:/12148/cb45269561h</subfield><subfield code="2">uri</subfield></datafield><datafield ind1=" " ind2=" " tag="035"><subfield code="a">(swissbib)12380759X-41slsp_network</subfield></datafield><datafield ind1=" " ind2=" " tag="035"><subfield code="a">12380759X</subfield><subfield code="9">ExL</subfield></datafield><datafield ind1=" " ind2=" " tag="035"><subfield code="a">(RERO)R008634436-41slsp</subfield></datafield><datafield ind1=" " ind2=" " tag="035"><subfield code="a">(EXLNZ-41SLSP_NETWORK)991070233539705501</subfield></datafield><datafield ind1=" " ind2=" " tag="040"><subfield code="a">RERO vsheso</subfield><subfield code="d">CH-ZuSLS</subfield></datafield><datafield ind1=" " ind2="7" tag="072"><subfield code="a">ss</subfield><subfield code="2">rero</subfield></datafield><datafield ind1="1" ind2=" " tag="080"><subfield code="a">364-7</subfield></datafield><datafield ind1="1" ind2=" " tag="080"><subfield code="a">005.551</subfield></datafield><datafield ind1="0" ind2="0" tag="245"><subfield code="a">&lt;&lt;La&gt;&gt; posture du superviseur</subfield><subfield code="b">supervision, analyse des pratiques, régulation d'équipes...</subfield><subfield code="c">sous la dir. de Joseph Rouzel</subfield></datafield><datafield ind1=" " ind2="1" tag="264"><subfield code="a">Toulouse</subfield><subfield code="b">Erès</subfield><subfield code="c">2017</subfield></datafield><datafield ind1=" " ind2=" " tag="300"><subfield code="a">186 p.</subfield></datafield><datafield ind1=" " ind2=" " tag="336"><subfield code="b">txt</subfield><subfield code="2">rdacontent</subfield></datafield><datafield ind1=" " ind2=" " tag="337"><subfield code="b">n</subfield><subfield code="2">rdamedia</subfield></datafield><datafield ind1=" " ind2=" " tag="338"><subfield code="b">nc</subfield><subfield code="2">rdacarrier</subfield></datafield><datafield ind1="0" ind2=" " tag="490"><subfield code="a">Psychanalyse et travail social</subfield></datafield><datafield ind1=" " ind2=" " tag="500"><subfield code="a">Cet ouvrage est issu du deuxième congrès européen Psychasoc/asies des 15 et 16 novembre 2014 : supervision, analyse des pratiques, régulation d'équipes</subfield></datafield><datafield ind1="8" ind2=" " tag="520"><subfield code="a">Cet ouvrage propose des témoignages de superviseurs intervenant dans les équipes des institutions sociales, médico-sociales, hospitalières et scolaires sur leur pratique et leur expérience professionnelle. (Electre)</subfield><subfield code="5">RERO/gehets-/06.2017</subfield></datafield><datafield ind1=" " ind2="7" tag="650"><subfield code="a">Établissements médico-sociaux</subfield><subfield code="0">(IDREF)167674994</subfield><subfield code="2">idref</subfield></datafield><datafield ind1=" " ind2="7" tag="650"><subfield code="a">Équipes de soins de santé</subfield><subfield code="0">(IDREF)027822788</subfield><subfield code="2">idref</subfield></datafield><datafield ind1=" " ind2="7" tag="650"><subfield code="a">Identité professionnelle</subfield><subfield code="0">(IDREF)088490025</subfield><subfield code="2">idref</subfield></datafield><datafield ind1=" " ind2="7" tag="650"><subfield code="a">Analyse des pratiques (formation)</subfield><subfield code="0">(IDREF)034746331</subfield><subfield code="2">idref</subfield></datafield><datafield ind1=" " ind2="7" tag="650"><subfield code="a">Travailleurs sociaux</subfield><subfield code="x">Supervision</subfield><subfield code="0">(IDREF)050256130</subfield><subfield code="2">idref</subfield></datafield><datafield ind1=" " ind2="7" tag="655"><subfield code="a">Actes de congrès</subfield><subfield code="0">(IDREF)02886431X</subfield><subfield code="2">idref</subfield></datafield><datafield ind1="1" ind2=" " tag="700"><subfield code="a">Rouzel, Joseph</subfield><subfield code="d">1949-....</subfield><subfield code="0">(IDREF)034734724</subfield></datafield><datafield ind1=" " ind2=" " tag="900"><subfield code="a">REROnoselfmerge</subfield></datafield></record>
</metadata></record>