<record><header><identifier>oai:alma.41SLSP_UGE:991000044829705502</identifier><datestamp>2024-09-18T00:09:23Z</datestamp><setSpec>uge_bcen_RapidILL_BOOK</setSpec><setSpec>uge_aaca_RapidILL_BOOK</setSpec><setSpec>uge_abels_RapidILL_BOOK</setSpec><setSpec>uge_dbu_RapidILL_BOOK</setSpec><setSpec>uge_cmu_RapidILL_BOOK</setSpec><setSpec>uge_mail_RapidILL_BOOK</setSpec><setSpec>uge_abbat_RapidILL_BOOK</setSpec><setSpec>UNIGE_ALL</setSpec><setSpec>uge_aobs_RapidILL_BOOK</setSpec><setSpec>uge_acar_RapidILL_BOOK</setSpec></header><metadata>
<record xmlns="http://www.loc.gov/MARC21/slim" xmlns:xsi="http://www.w3.org/2001/XMLSchema-instance" xsi:schemaLocation="http://www.loc.gov/MARC21/slim http://www.loc.gov/standards/marcxml/schema/MARC21slim.xsd"><leader>03340nam a2200313 c 4500</leader><controlfield tag="001">991000044829705502</controlfield><controlfield tag="005">20240917131319.0</controlfield><controlfield tag="008">940302s1937    ru ||||| |||| 00| ||rus d</controlfield><datafield ind1=" " ind2=" " tag="035"><subfield code="a">(swissbib)08850493X-41slsp_network</subfield></datafield><datafield ind1=" " ind2=" " tag="035"><subfield code="a">08850493X</subfield><subfield code="9">ExL</subfield></datafield><datafield ind1=" " ind2=" " tag="035"><subfield code="a">(RERO)1819629-41slsp</subfield></datafield><datafield ind1=" " ind2=" " tag="035"><subfield code="a">(EXLNZ-41SLSP_NETWORK)991143772109705501</subfield></datafield><datafield ind1=" " ind2=" " tag="040"><subfield code="a">RERO frbcuc</subfield><subfield code="b">fre</subfield><subfield code="e">rda</subfield><subfield code="d">CH-ZuSLS</subfield></datafield><datafield ind1=" " ind2="7" tag="072"><subfield code="a">ru</subfield><subfield code="2">rero</subfield></datafield><datafield ind1="7" ind2="4" tag="082"><subfield code="a">891.8</subfield><subfield code="2">23sdnb</subfield></datafield><datafield ind1="1" ind2=" " tag="100"><subfield code="6">880-01</subfield><subfield code="a">Saltykov-Chtchedrine, Mikhail Evgrafovitch</subfield><subfield code="d">1826-1889</subfield><subfield code="0">(IDREF)027972674</subfield><subfield code="4">aut</subfield></datafield><datafield ind1="1" ind2=" " tag="880"><subfield code="6">100-01/(N</subfield><subfield code="a">Салтыков, Михаил Евграфович</subfield><subfield code="d">1826-1889</subfield></datafield><datafield ind1="1" ind2="0" tag="245"><subfield code="6">880-02</subfield><subfield code="a">Polnoe sobranie sochineniĭ</subfield><subfield code="c">N. Shchedrin (M.E. Saltykov) ; pod red. ; V. I︠A︡. Kirpotina ... [et al.].</subfield><subfield code="n">T. 18</subfield><subfield code="p">Pisʹma : kniga pervai︠a︡ (1839-1876) / red. i vstup. statʹi︠a︡ P.N. Lepesinskogo ; red. teksta i kommentarii N.V. I︠A︡kovleva</subfield></datafield><datafield ind1="1" ind2="0" tag="880"><subfield code="6">245-02/(N</subfield><subfield code="a">Полное собрание сочинений</subfield><subfield code="c">Н. Щедрин (М.Е. Салтыков) ; под ред. ; В. Я. Кирпотина ... [et al.].</subfield><subfield code="n">T. 18</subfield><subfield code="p">Письма : книга первая (1839-1876) / ред. и вступ. статья П.Н. Лепешинского ; ред. текста и комментарии Н.В. Яковлева</subfield></datafield><datafield ind1="1" ind2=" " tag="246"><subfield code="a">Polnoe sobranie sočinenij / N. Ščedrin (M.E. Saltykov) ; pod red. : V. Ja. Kirpotina ... [et al.]</subfield><subfield code="n">T. 18</subfield><subfield code="p">Pisʹma : kniga pervaja (1839-1876) / red. i vstup. statʹja P.N. Lepesinskogo ; red. teksta i kommentarii N.V. Jakovleva</subfield></datafield><datafield ind1=" " ind2="1" tag="264"><subfield code="6">880-03</subfield><subfield code="a">Leningrad</subfield><subfield code="b">Chudožestvennaja literatura</subfield><subfield code="c">1937</subfield></datafield><datafield ind1=" " ind2="1" tag="880"><subfield code="6">264-03/(N</subfield><subfield code="a">Ленинград</subfield><subfield code="b">Художественная литература</subfield><subfield code="c">1937</subfield></datafield><datafield ind1=" " ind2=" " tag="300"><subfield code="a">517 p., [1] f. de portr., [2] f. de pl.</subfield><subfield code="c">23 cm</subfield></datafield><datafield ind1=" " ind2=" " tag="336"><subfield code="b">txt</subfield><subfield code="2">rdacontent</subfield></datafield><datafield ind1=" " ind2=" " tag="337"><subfield code="b">n</subfield><subfield code="2">rdamedia</subfield></datafield><datafield ind1=" " ind2=" " tag="338"><subfield code="b">nc</subfield><subfield code="2">rdacarrier</subfield></datafield><datafield ind1="1" ind2=" " tag="700"><subfield code="6">880-04</subfield><subfield code="a">Lepeshinskiĭ, P.N</subfield><subfield code="0">(IDREF)243851561</subfield></datafield><datafield ind1="1" ind2=" " tag="880"><subfield code="6">700-04/(N</subfield><subfield code="a">Лепешинский, П.Н</subfield></datafield><datafield ind1="1" ind2=" " tag="800"><subfield code="a">Saltykov, Mikhail Evgrafovich</subfield><subfield code="d">1826-1889</subfield><subfield code="t">Polnoe sobranie sochineniĭ</subfield><subfield code="v">18</subfield><subfield code="w">(RERO)1818571-41slsp</subfield></datafield><datafield ind1=" " ind2=" " tag="900"><subfield code="a">REROnoselfmerge</subfield></datafield></record>
</metadata></record>