<record><header><identifier>oai:alma.41SLSP_UGE:991000029149705502</identifier><datestamp>2023-03-01T01:09:23Z</datestamp><setSpec>uge_bcen_RapidILL_BOOK</setSpec><setSpec>uge_aaca_RapidILL_BOOK</setSpec><setSpec>uge_abels_RapidILL_BOOK</setSpec><setSpec>uge_dbu_RapidILL_BOOK</setSpec><setSpec>uge_cmu_RapidILL_BOOK</setSpec><setSpec>uge_mail_RapidILL_BOOK</setSpec><setSpec>UNIGE_ALL</setSpec><setSpec>uge_abbat_RapidILL_BOOK</setSpec><setSpec>uge_aobs_RapidILL_BOOK</setSpec><setSpec>uge_acar_RapidILL_BOOK</setSpec></header><metadata>
<record xmlns="http://www.loc.gov/MARC21/slim" xmlns:xsi="http://www.w3.org/2001/XMLSchema-instance" xsi:schemaLocation="http://www.loc.gov/MARC21/slim http://www.loc.gov/standards/marcxml/schema/MARC21slim.xsd"><leader>00901naa a2200229 c 4500</leader><controlfield tag="001">991000029149705502</controlfield><controlfield tag="005">20201227170902.0</controlfield><controlfield tag="008">181113s1958    xxu||||| |||| 00| ||eng d</controlfield><datafield ind1=" " ind2=" " tag="035"><subfield code="a">(swissbib)125255012-41slsp_network</subfield></datafield><datafield ind1=" " ind2=" " tag="035"><subfield code="a">125255012</subfield><subfield code="9">ExL</subfield></datafield><datafield ind1=" " ind2=" " tag="035"><subfield code="a">(RERO)R008864954-41slsp</subfield></datafield><datafield ind1=" " ind2=" " tag="035"><subfield code="a">(EXLNZ-41SLSP_NETWORK)991125125979705501</subfield></datafield><datafield ind1=" " ind2=" " tag="040"><subfield code="a">RERO geusst</subfield><subfield code="d">CH-ZuSLS</subfield></datafield><datafield ind1=" " ind2="7" tag="072"><subfield code="a">st</subfield><subfield code="2">rero</subfield></datafield><datafield ind1="1" ind2=" " tag="100"><subfield code="a">Hall, Clarence A.</subfield><subfield code="d">1930-....</subfield><subfield code="0">(IDREF)078684323</subfield><subfield code="4">cre</subfield></datafield><datafield ind1="1" ind2="0" tag="245"><subfield code="a">Geology and paleontology of the Pleasanton area, Alameda and Contra Costa Counties California</subfield><subfield code="c">by Clarence A. Hall Jr.</subfield></datafield><datafield ind1=" " ind2=" " tag="336"><subfield code="b">txt</subfield><subfield code="2">rdacontent</subfield></datafield><datafield ind1=" " ind2=" " tag="337"><subfield code="b">n</subfield><subfield code="2">rdamedia</subfield></datafield><datafield ind1=" " ind2=" " tag="338"><subfield code="b">nc</subfield><subfield code="2">rdacarrier</subfield></datafield><datafield ind1=" " ind2=" " tag="500"><subfield code="a">Contient 12 planches</subfield></datafield><datafield ind1=" " ind2=" " tag="580"><subfield code="a">In: University of California Publications in Geological Sciences. - Berkeley. - Vol. 34(1958), 90 p.</subfield></datafield><datafield ind1="0" ind2=" " tag="773"><subfield code="t">University of California Publications in Geological Sciences</subfield><subfield code="g">1958/34/1</subfield><subfield code="g">yr:1958</subfield></datafield><datafield ind1=" " ind2=" " tag="900"><subfield code="a">REROnoselfmerge</subfield></datafield></record>
</metadata></record>