<record><header><identifier>oai:alma.41SLSP_UGE:991000044309705502</identifier><datestamp>2024-04-13T00:26:19Z</datestamp><setSpec>uge_cmu_RapidILL_JOURNAL</setSpec><setSpec>uge_aobs_RapidILL_JOURNAL</setSpec><setSpec>uge_aaca_RapidILL_JOURNAL</setSpec><setSpec>uge_bcen_RapidILL_JOURNAL</setSpec><setSpec>uge_abbat_RapidILL_JOURNAL</setSpec><setSpec>uge_dbu_RapidILL_JOURNAL</setSpec><setSpec>uge_mail_RapidILL_JOURNAL</setSpec><setSpec>uge_abels_RapidILL_JOURNAL</setSpec><setSpec>UNIGE_ALL</setSpec><setSpec>uge_acar_RapidILL_JOURNAL</setSpec></header><metadata>
<record xmlns="http://www.loc.gov/MARC21/slim" xmlns:xsi="http://www.w3.org/2001/XMLSchema-instance" xsi:schemaLocation="http://www.loc.gov/MARC21/slim http://www.loc.gov/standards/marcxml/schema/MARC21slim.xsd"><leader>03074nas a2200757 c 4500</leader><controlfield tag="001">991000044309705502</controlfield><controlfield tag="005">20240412103437.0</controlfield><controlfield tag="008">201011c19899999sz || p|      0   ||eng|d</controlfield><datafield ind1="7" ind2=" " tag="016"><subfield code="a">645069-6</subfield><subfield code="2">ZDB</subfield></datafield><datafield ind1=" " ind2=" " tag="022"><subfield code="a">1423-0372</subfield></datafield><datafield ind1=" " ind2=" " tag="022"><subfield code="a">1011-6125</subfield></datafield><datafield ind1=" " ind2=" " tag="035"><subfield code="a">(swissbib)230546498-41slsp_network</subfield></datafield><datafield ind1=" " ind2=" " tag="035"><subfield code="a">230546498</subfield><subfield code="9">ExL</subfield></datafield><datafield ind1=" " ind2=" " tag="035"><subfield code="a">(NEBIS)000974526EBI01</subfield></datafield><datafield ind1=" " ind2=" " tag="035"><subfield code="a">(RERO)1015069-41slsp</subfield></datafield><datafield ind1=" " ind2=" " tag="035"><subfield code="a">(IDSBB)000418783DSV01</subfield></datafield><datafield ind1=" " ind2=" " tag="035"><subfield code="a">(EXLNZ-41SLSP_NETWORK)991115975299705501</subfield></datafield><datafield ind1=" " ind2=" " tag="040"><subfield code="a">ZBZ</subfield><subfield code="b">ger</subfield><subfield code="e">ETHICS-ISBD</subfield><subfield code="d">CH-ZuSLS</subfield></datafield><datafield ind1=" " ind2="7" tag="072"><subfield code="a">me</subfield><subfield code="2">rero</subfield></datafield><datafield ind1=" " ind2="7" tag="072"><subfield code="a">me</subfield><subfield code="2">SzZuIDS BS/BE</subfield></datafield><datafield ind1="1" ind2="4" tag="082"><subfield code="a">610</subfield><subfield code="2">15</subfield></datafield><datafield ind1="0" ind2=" " tag="210"><subfield code="a">Stereotact Funct Neurosurg</subfield></datafield><datafield ind1="0" ind2="0" tag="245"><subfield code="a">Stereotactic and functional neurosurgery</subfield><subfield code="b">official journal of the World Society for Stereotactic and Functional Neurosurgery : official journal of the American Society for Stereotactic and Functional Neurosurgery</subfield></datafield><datafield ind1="1" ind2="3" tag="246"><subfield code="a">Stereotact-Funct-Neurosurg</subfield></datafield><datafield ind1=" " ind2="1" tag="264"><subfield code="a">Basel</subfield><subfield code="b">Karger</subfield></datafield><datafield ind1=" " ind2=" " tag="300"><subfield code="a">Bände</subfield></datafield><datafield ind1=" " ind2=" " tag="310"><subfield code="a">6x jährlich</subfield></datafield><datafield ind1=" " ind2=" " tag="336"><subfield code="b">txt</subfield><subfield code="2">rdacontent</subfield></datafield><datafield ind1=" " ind2=" " tag="337"><subfield code="b">n</subfield><subfield code="2">rdamedia</subfield></datafield><datafield ind1=" " ind2=" " tag="338"><subfield code="b">nc</subfield><subfield code="2">rdacarrier</subfield></datafield><datafield ind1="0" ind2=" " tag="362"><subfield code="a">Vol. 52(1989)-[?]</subfield></datafield><datafield ind1=" " ind2=" " tag="524"><subfield code="a">SAFN</subfield><subfield code="2">O</subfield></datafield><datafield ind1=" " ind2=" " tag="580"><subfield code="a">Fait suite à: Applied neurophysiology</subfield></datafield><datafield ind1=" " ind2="7" tag="650"><subfield code="a">Neurochirurgie</subfield><subfield code="2">idszbz</subfield></datafield><datafield ind1=" " ind2="7" tag="650"><subfield code="a">Stereotaktische Hirnoperation</subfield><subfield code="2">idszbz</subfield></datafield><datafield ind1=" " ind2="7" tag="650"><subfield code="a">Chirurgische Krankheit</subfield><subfield code="0">(DE-588)4263624-3</subfield><subfield code="2">gnd</subfield></datafield><datafield ind1=" " ind2="7" tag="650"><subfield code="a">Hirnkrankheit</subfield><subfield code="0">(DE-588)4025013-1</subfield><subfield code="2">gnd</subfield></datafield><datafield ind1=" " ind2="7" tag="650"><subfield code="a">Krankheit</subfield><subfield code="0">(DE-588)4032844-2</subfield><subfield code="2">gnd</subfield></datafield><datafield ind1=" " ind2="7" tag="650"><subfield code="a">Neurochirurgie</subfield><subfield code="0">(DE-588)4041874-1</subfield><subfield code="2">gnd</subfield></datafield><datafield ind1=" " ind2="7" tag="650"><subfield code="a">Stereotaktische Hirnoperation</subfield><subfield code="0">(DE-588)4057326-6</subfield><subfield code="2">gnd</subfield></datafield><datafield ind1=" " ind2="7" tag="650"><subfield code="a">Stereotaxie</subfield><subfield code="0">(DE-588)4203805-4</subfield><subfield code="2">gnd</subfield></datafield><datafield ind1=" " ind2="7" tag="650"><subfield code="a">Strahlentherapie</subfield><subfield code="0">(DE-588)4057833-1</subfield><subfield code="2">gnd</subfield></datafield><datafield ind1=" " ind2="7" tag="650"><subfield code="a">Zentralnervensystem</subfield><subfield code="0">(DE-588)4067637-7</subfield><subfield code="2">gnd</subfield></datafield><datafield ind1=" " ind2="0" tag="650"><subfield code="a">Nervous system</subfield><subfield code="x">Surgery</subfield><subfield code="v">Periodicals</subfield></datafield><datafield ind1=" " ind2="0" tag="650"><subfield code="a">Stereoencephalotomy</subfield><subfield code="v">Periodicals</subfield></datafield><datafield ind1=" " ind2="7" tag="650"><subfield code="a">NEUROCHIRURGIE (MEDIZIN)</subfield><subfield code="9">ger</subfield><subfield code="0">(ETHUDK)000049299</subfield><subfield code="2">ethudk</subfield></datafield><datafield ind1=" " ind2="2" tag="650"><subfield code="a">Neurosurgery</subfield></datafield><datafield ind1=" " ind2="2" tag="650"><subfield code="a">Neurophysiology</subfield></datafield><datafield ind1=" " ind2="7" tag="650"><subfield code="a">Neurochirurgie</subfield><subfield code="v">Zeitschrift</subfield><subfield code="2">idsbb</subfield></datafield><datafield ind1=" " ind2="7" tag="650"><subfield code="a">Stereotaktische Operation</subfield><subfield code="v">Zeitschrift</subfield><subfield code="2">idsbb</subfield></datafield><datafield ind1=" " ind2="2" tag="650"><subfield code="a">Neurosurgery</subfield><subfield code="0">(DNLM)D009493</subfield></datafield><datafield ind1=" " ind2="2" tag="650"><subfield code="a">Stereotaxic Techniques</subfield><subfield code="0">(DNLM)D013238</subfield></datafield><datafield ind1=" " ind2="2" tag="650"><subfield code="a">Neurology</subfield><subfield code="0">(DNLM)D009462</subfield></datafield><datafield ind1=" " ind2="2" tag="650"><subfield code="a">Neurosurgical Procedures</subfield><subfield code="0">(DNLM)D019635</subfield></datafield><datafield ind1=" " ind2="2" tag="650"><subfield code="a">Neurophysiology</subfield><subfield code="0">(DNLM)D009482</subfield></datafield><datafield ind1=" " ind2="7" tag="655"><subfield code="a">Zeitschrift</subfield><subfield code="2">idszbz</subfield></datafield><datafield ind1=" " ind2="2" tag="655"><subfield code="a">Periodical</subfield></datafield><datafield ind1=" " ind2="7" tag="655"><subfield code="a">Zeitschrift</subfield><subfield code="2">gnd-content</subfield></datafield><datafield ind1=" " ind2="2" tag="655"><subfield code="a">Periodical</subfield><subfield code="0">(DNLM)D020492</subfield></datafield><datafield ind1="2" ind2=" " tag="710"><subfield code="a">Société mondiale de stéréotaxie et de neurochirurgie fonctionnelle</subfield><subfield code="0">(IDREF)028116623</subfield></datafield><datafield ind1="2" ind2=" " tag="710"><subfield code="6">880-02</subfield><subfield code="a">American Society for Stereotactic and Functional Neurosurgery</subfield><subfield code="0">(RERO)A002925199</subfield></datafield><datafield ind1="2" ind2=" " tag="880"><subfield code="6">710-02</subfield><subfield code="a">American Society for Stereotactic and Functional Neurosurgery</subfield><subfield code="0">(DE-588)65818-2</subfield></datafield><datafield ind1="2" ind2=" " tag="710"><subfield code="a">World Society for Stereotactic and Functional Neurosurgery</subfield><subfield code="0">(DE-588)26371-0</subfield></datafield><datafield ind1="0" ind2="0" tag="780"><subfield code="t">Applied neurophysiology</subfield><subfield code="w">(NEBIS)000974525EBI01</subfield></datafield><datafield ind1="0" ind2="8" tag="776"><subfield code="i">Erscheint auch als Online-Ausgabe</subfield><subfield code="t">Stereotactic and functional neurosurgery</subfield><subfield code="x">1423-0372</subfield></datafield><datafield ind1=" " ind2=" " tag="900"><subfield code="a">NEBISnoselfmerge</subfield></datafield><datafield ind1=" " ind2=" " tag="900"><subfield code="a">REROnoselfmerge</subfield></datafield></record>
</metadata></record>