<record><header><identifier>oai:alma.41SLSP_UGE:991000029039705502</identifier><datestamp>2024-10-17T00:10:21Z</datestamp><setSpec>uge_bcen_RapidILL_BOOK</setSpec><setSpec>uge_aaca_RapidILL_BOOK</setSpec><setSpec>uge_abels_RapidILL_BOOK</setSpec><setSpec>uge_dbu_RapidILL_BOOK</setSpec><setSpec>uge_cmu_RapidILL_BOOK</setSpec><setSpec>uge_mail_RapidILL_BOOK</setSpec><setSpec>uge_abbat_RapidILL_BOOK</setSpec><setSpec>UNIGE_ALL</setSpec><setSpec>uge_aobs_RapidILL_BOOK</setSpec><setSpec>uge_acar_RapidILL_BOOK</setSpec></header><metadata>
<record xmlns="http://www.loc.gov/MARC21/slim" xmlns:xsi="http://www.w3.org/2001/XMLSchema-instance" xsi:schemaLocation="http://www.loc.gov/MARC21/slim http://www.loc.gov/standards/marcxml/schema/MARC21slim.xsd"><leader>02102nam a2200493 c 4500</leader><controlfield tag="001">991000029039705502</controlfield><controlfield tag="005">20241016195008.0</controlfield><controlfield tag="008">201012s1978    gw ||||| |||| 00| ||ger d</controlfield><datafield ind1=" " ind2=" " tag="020"><subfield code="a">3515028404</subfield></datafield><datafield ind1=" " ind2=" " tag="035"><subfield code="a">(swissbib)235388076-41slsp_network</subfield></datafield><datafield ind1=" " ind2=" " tag="035"><subfield code="a">235388076</subfield><subfield code="9">ExL</subfield></datafield><datafield ind1=" " ind2=" " tag="035"><subfield code="a">(RERO)0238138-41slsp</subfield></datafield><datafield ind1=" " ind2=" " tag="035"><subfield code="a">(IDSBB)000479408DSV01</subfield></datafield><datafield ind1=" " ind2=" " tag="035"><subfield code="a">(NEBIS)003139333EBI01</subfield></datafield><datafield ind1=" " ind2=" " tag="035"><subfield code="a">(EXLNZ-41SLSP_NETWORK)991151059329705501</subfield></datafield><datafield ind1=" " ind2=" " tag="040"><subfield code="a">RERO</subfield><subfield code="d">CH-ZuSLS</subfield></datafield><datafield ind1=" " ind2="7" tag="072"><subfield code="a">al</subfield><subfield code="2">rero</subfield></datafield><datafield ind1=" " ind2="7" tag="072"><subfield code="a">lg</subfield><subfield code="2">rero</subfield></datafield><datafield ind1=" " ind2="7" tag="072"><subfield code="a">as</subfield><subfield code="2">SzZuIDS BS/BE</subfield></datafield><datafield ind1="0" ind2="4" tag="082"><subfield code="a">430/.7</subfield></datafield><datafield ind1="1" ind2=" " tag="100"><subfield code="a">Orlović-Schwarzwald, Marija</subfield><subfield code="0">(RERO)A003659008</subfield><subfield code="4">cre</subfield></datafield><datafield ind1="1" ind2="0" tag="245"><subfield code="a">Zum Gastarbeiterdeutsch jugoslawischer Arbeiter im Rhein-Main-Gebiet</subfield><subfield code="b">empirische Untersuchungen zur Morphologie und zum ungesteuerten Erwerb des Deutschen durch Erwachsene</subfield><subfield code="c">von Marija Orlović-Schwarzwald</subfield></datafield><datafield ind1=" " ind2="1" tag="264"><subfield code="a">Wiesbaden</subfield><subfield code="b">F. Steiner Verlag</subfield><subfield code="c">1978</subfield></datafield><datafield ind1=" " ind2=" " tag="300"><subfield code="a">239 p.</subfield><subfield code="b">fig.</subfield><subfield code="c">24 cm</subfield></datafield><datafield ind1=" " ind2=" " tag="336"><subfield code="b">txt</subfield><subfield code="2">rdacontent</subfield></datafield><datafield ind1=" " ind2=" " tag="337"><subfield code="b">n</subfield><subfield code="2">rdamedia</subfield></datafield><datafield ind1=" " ind2=" " tag="338"><subfield code="b">nc</subfield><subfield code="2">rdacarrier</subfield></datafield><datafield ind1="1" ind2=" " tag="490"><subfield code="a">Mainzer Studien zur Sprach- und Volksforschung</subfield><subfield code="v">Bd. 2</subfield></datafield><datafield ind1="0" ind2=" " tag="490"><subfield code="a">Veröffentlichnung des Instituts für geschliche Landeskunde an der Universität Mainz</subfield></datafield><datafield ind1=" " ind2=" " tag="502"><subfield code="a">Zugl.: Diss. Mainz, 1977</subfield></datafield><datafield ind1=" " ind2="7" tag="650"><subfield code="a">allemand (langue) - apprentissage (psychologie)</subfield><subfield code="0">(RERO)A010041547</subfield><subfield code="2">rerovoc</subfield></datafield><datafield ind1=" " ind2="7" tag="650"><subfield code="a">travailleur étranger yougoslave</subfield><subfield code="0">(RERO)A009962089</subfield><subfield code="2">rerovoc</subfield></datafield><datafield ind1=" " ind2="7" tag="650"><subfield code="a">Deutsch</subfield><subfield code="0">(DE-588)4113292-0</subfield><subfield code="2">gnd</subfield></datafield><datafield ind1=" " ind2="0" tag="650"><subfield code="a">Foreign workers, Yugoslav</subfield></datafield><datafield ind1=" " ind2="0" tag="650"><subfield code="a">German language</subfield></datafield><datafield ind1=" " ind2="0" tag="650"><subfield code="a">Labor and laboring classes</subfield></datafield><datafield ind1=" " ind2="0" tag="650"><subfield code="a">Yugoslavs in Germany</subfield></datafield><datafield ind1=" " ind2="7" tag="651"><subfield code="a">Rhein-Main-Gebiet</subfield><subfield code="0">(DE-588)4049799-9</subfield><subfield code="2">gnd</subfield></datafield><datafield ind1=" " ind2="7" tag="655"><subfield code="a">Hochschulschrift</subfield><subfield code="2">gnd-content</subfield></datafield><datafield ind1=" " ind2=" " tag="690"><subfield code="a">Ausländischer Arbeiter / Einzelne Gebiete und Orte / Europa / Deutschland / 1975- ersch.</subfield><subfield code="2">uzb-Z9</subfield></datafield><datafield ind1=" " ind2=" " tag="690"><subfield code="a">Deutsche Sprache / Verhältnis zu einzelnen Faktoren</subfield><subfield code="2">uzb-Z9</subfield></datafield><datafield ind1=" " ind2=" " tag="830"><subfield code="a">Mainzer Studien zur Sprach- und Volksforschung</subfield><subfield code="v">2</subfield><subfield code="w">(NEBIS)000998611EBI01</subfield></datafield><datafield ind1=" " ind2=" " tag="830"><subfield code="a">Mainzer Studien zur Sprach- und Volksforschung</subfield><subfield code="v">2</subfield><subfield code="w">(IDSBB)000018377DSV01</subfield></datafield><datafield ind1=" " ind2=" " tag="900"><subfield code="a">REROnoselfmerge</subfield></datafield><datafield ind1=" " ind2=" " tag="900"><subfield code="a">IDSZRMedeaZBZ</subfield></datafield></record>
</metadata></record>