<record><header><identifier>oai:alma.41SLSP_UGE:991000044509705502</identifier><datestamp>2024-03-08T01:27:32Z</datestamp><setSpec>uge_bcen_RapidILL_BOOK</setSpec><setSpec>uge_aaca_RapidILL_BOOK</setSpec><setSpec>uge_abels_RapidILL_BOOK</setSpec><setSpec>uge_dbu_RapidILL_BOOK</setSpec><setSpec>uge_cmu_RapidILL_BOOK</setSpec><setSpec>uge_mail_RapidILL_BOOK</setSpec><setSpec>uge_abbat_RapidILL_BOOK</setSpec><setSpec>UNIGE_ALL</setSpec><setSpec>uge_acar_RapidILL_BOOK</setSpec><setSpec>uge_aobs_RapidILL_BOOK</setSpec></header><metadata>
<record xmlns="http://www.loc.gov/MARC21/slim" xmlns:xsi="http://www.w3.org/2001/XMLSchema-instance" xsi:schemaLocation="http://www.loc.gov/MARC21/slim http://www.loc.gov/standards/marcxml/schema/MARC21slim.xsd"><leader>02075nam a2200529 c 4500</leader><controlfield tag="001">991000044509705502</controlfield><controlfield tag="005">20240307224435.0</controlfield><controlfield tag="008">201011s1968    gw ||||| |||| 00| ||ger d</controlfield><datafield ind1=" " ind2=" " tag="020"><subfield code="a">3432009623</subfield></datafield><datafield ind1=" " ind2=" " tag="035"><subfield code="a">(swissbib)215248732-41slsp_network</subfield></datafield><datafield ind1=" " ind2=" " tag="035"><subfield code="a">215248732</subfield><subfield code="9">ExL</subfield></datafield><datafield ind1=" " ind2=" " tag="035"><subfield code="a">(RERO)0859961-41slsp</subfield></datafield><datafield ind1=" " ind2=" " tag="035"><subfield code="a">(NEBIS)007642887EBI01</subfield></datafield><datafield ind1=" " ind2=" " tag="035"><subfield code="a">(NEBIS)000644534EBI01</subfield></datafield><datafield ind1=" " ind2=" " tag="035"><subfield code="a">(IDSBB)000000521DSV01</subfield></datafield><datafield ind1=" " ind2=" " tag="035"><subfield code="a">(IDSLU)000772209ILU01</subfield></datafield><datafield ind1=" " ind2=" " tag="035"><subfield code="a">(ABN)000528154ABN01</subfield></datafield><datafield ind1=" " ind2=" " tag="035"><subfield code="a">(EXLNZ-41SLSP_NETWORK)991070601719705501</subfield></datafield><datafield ind1=" " ind2=" " tag="040"><subfield code="a">RERO geussc</subfield><subfield code="d">CH-ZuSLS</subfield></datafield><datafield ind1=" " ind2="7" tag="072"><subfield code="a">ch</subfield><subfield code="2">rero</subfield></datafield><datafield ind1=" " ind2="7" tag="072"><subfield code="a">ch</subfield><subfield code="2">SzZuIDS BS/BE</subfield></datafield><datafield ind1="1" ind2=" " tag="100"><subfield code="a">Krebs, Heinz</subfield><subfield code="0">(RERO)A003473456</subfield><subfield code="4">cre</subfield></datafield><datafield ind1="1" ind2="0" tag="245"><subfield code="a">Grundzüge der anorganischen Kristallchemie</subfield><subfield code="c">von Heinz Krebs</subfield></datafield><datafield ind1="1" ind2=" " tag="246"><subfield code="a">Anorganische Kristallchemie</subfield></datafield><datafield ind1=" " ind2="1" tag="264"><subfield code="a">Stuttgart</subfield><subfield code="b">F. Enke</subfield><subfield code="c">1968</subfield></datafield><datafield ind1=" " ind2=" " tag="300"><subfield code="a">XII, 376 S.</subfield><subfield code="b">Ill., 254 Abb. &amp; 41 Tab.</subfield><subfield code="c">23 cm</subfield></datafield><datafield ind1=" " ind2=" " tag="336"><subfield code="b">txt</subfield><subfield code="2">rdacontent</subfield></datafield><datafield ind1=" " ind2=" " tag="337"><subfield code="b">n</subfield><subfield code="2">rdamedia</subfield></datafield><datafield ind1=" " ind2=" " tag="338"><subfield code="b">nc</subfield><subfield code="2">rdacarrier</subfield></datafield><datafield ind1=" " ind2=" " tag="500"><subfield code="a">Mit einer Einführung in die Theorie der chemischen Bindung</subfield></datafield><datafield ind1=" " ind2=" " tag="500"><subfield code="a">Untertitel nur auf dem Umschlag</subfield></datafield><datafield ind1=" " ind2=" " tag="500"><subfield code="a">Rückentitel: Anorganische Kristallchemie</subfield></datafield><datafield ind1=" " ind2=" " tag="504"><subfield code="a">Bibliogr.</subfield></datafield><datafield ind1=" " ind2="7" tag="650"><subfield code="a">KRISTALLCHEMIE</subfield><subfield code="9">ger</subfield><subfield code="0">(ETHUDK)000019596</subfield><subfield code="2">ethudk</subfield></datafield><datafield ind1=" " ind2="7" tag="650"><subfield code="a">KRISTALLOGRAPHIE</subfield><subfield code="9">ger</subfield><subfield code="0">(ETHUDK)000019579</subfield><subfield code="2">ethudk</subfield></datafield><datafield ind1=" " ind2="7" tag="650"><subfield code="a">KRISTALLSTRUKTUREN ANORGANISCHER VERBINDUNGEN</subfield><subfield code="9">ger</subfield><subfield code="0">(ETHUDK)000019651</subfield><subfield code="2">ethudk</subfield></datafield><datafield ind1=" " ind2="7" tag="650"><subfield code="a">SPEZIELLE TYPEN ANORGANISCHER VERBINDUNGEN</subfield><subfield code="9">ger</subfield><subfield code="0">(ETHUDK)000016502</subfield><subfield code="2">ethudk</subfield></datafield><datafield ind1=" " ind2="7" tag="650"><subfield code="a">STRUKTURFORMELN (MOLEKÜLSTRUKTUR)</subfield><subfield code="9">ger</subfield><subfield code="0">(ETHUDK)000016213</subfield><subfield code="2">ethudk</subfield></datafield><datafield ind1=" " ind2="4" tag="650"><subfield code="a">Festkörperchemie</subfield></datafield><datafield ind1=" " ind2="4" tag="650"><subfield code="a">Kristallchemie</subfield></datafield><datafield ind1=" " ind2="2" tag="650"><subfield code="a">Crystallography</subfield><subfield code="0">(DNLM)D003461</subfield></datafield><datafield ind1=" " ind2="2" tag="650"><subfield code="a">Crystallography</subfield></datafield><datafield ind1=" " ind2=" " tag="690"><subfield code="a">548</subfield><subfield code="d">Kristallographie, Festkörperchemie, Flüssigkristalle</subfield><subfield code="2">uzb-UK</subfield></datafield><datafield ind1=" " ind2=" " tag="690"><subfield code="a">Atom, B: Elektronensysteme &amp; Bindung, chemische</subfield><subfield code="2">rzs-L1</subfield></datafield><datafield ind1=" " ind2=" " tag="690"><subfield code="a">Bindung, chemische &amp; Elektronensysteme</subfield><subfield code="2">rzs-L1</subfield></datafield><datafield ind1=" " ind2=" " tag="690"><subfield code="a">Chemie, anorganische, B: Kristallchemie</subfield><subfield code="2">rzs-L1</subfield></datafield><datafield ind1=" " ind2=" " tag="690"><subfield code="a">Kristallchemie. A.D.</subfield><subfield code="2">rzs-L1</subfield></datafield><datafield ind1=" " ind2=" " tag="900"><subfield code="a">REROnoselfmerge</subfield></datafield></record>
</metadata></record>