<record><header><identifier>oai:alma.41SLSP_UGE:991000044299705502</identifier><datestamp>2023-03-01T01:09:23Z</datestamp><setSpec>uge_bcen_RapidILL_BOOK</setSpec><setSpec>uge_aaca_RapidILL_BOOK</setSpec><setSpec>uge_abels_RapidILL_BOOK</setSpec><setSpec>uge_dbu_RapidILL_BOOK</setSpec><setSpec>uge_cmu_RapidILL_BOOK</setSpec><setSpec>uge_mail_RapidILL_BOOK</setSpec><setSpec>UNIGE_ALL</setSpec><setSpec>uge_abbat_RapidILL_BOOK</setSpec><setSpec>uge_acar_RapidILL_BOOK</setSpec><setSpec>uge_aobs_RapidILL_BOOK</setSpec></header><metadata>
<record xmlns="http://www.loc.gov/MARC21/slim" xmlns:xsi="http://www.w3.org/2001/XMLSchema-instance" xsi:schemaLocation="http://www.loc.gov/MARC21/slim http://www.loc.gov/standards/marcxml/schema/MARC21slim.xsd"><leader>01087nam a2200289 c 4500</leader><controlfield tag="001">991000044299705502</controlfield><controlfield tag="005">20201227170848.0</controlfield><controlfield tag="008">150826s2015    gw ||||| |||| 00| ||ger d</controlfield><datafield ind1=" " ind2=" " tag="020"><subfield code="a">9783869845067</subfield><subfield code="c">fr. 39.-</subfield></datafield><datafield ind1=" " ind2=" " tag="035"><subfield code="a">(swissbib)121983145-41slsp_network</subfield></datafield><datafield ind1=" " ind2=" " tag="035"><subfield code="a">121983145</subfield><subfield code="9">ExL</subfield></datafield><datafield ind1=" " ind2=" " tag="035"><subfield code="a">(RERO)R008237000-41slsp</subfield></datafield><datafield ind1=" " ind2=" " tag="035"><subfield code="a">(EXLNZ-41SLSP_NETWORK)991143844689705501</subfield></datafield><datafield ind1=" " ind2=" " tag="040"><subfield code="a">RERO vdmcba</subfield><subfield code="d">CH-ZuSLS</subfield></datafield><datafield ind1="1" ind2=" " tag="041"><subfield code="a">ger</subfield><subfield code="a">eng</subfield><subfield code="h">ger</subfield></datafield><datafield ind1=" " ind2="7" tag="072"><subfield code="a">ba</subfield><subfield code="2">rero</subfield></datafield><datafield ind1="0" ind2="0" tag="245"><subfield code="a">Victorine Müller</subfield><subfield code="b">a moment in time : Performances, Installationen, plastische Werke 1994-2014 = performances, installations, three-dimensional works 1994-2014</subfield><subfield code="c">hrsg. von Dolores Denaro</subfield></datafield><datafield ind1="1" ind2=" " tag="246"><subfield code="a">Moment in time</subfield></datafield><datafield ind1=" " ind2="1" tag="264"><subfield code="a">Nürnberg</subfield><subfield code="b">Verlag für moderne Kunst</subfield><subfield code="c">2015</subfield></datafield><datafield ind1=" " ind2=" " tag="300"><subfield code="a">212 p.</subfield><subfield code="b">ill. en noir et en coul.</subfield><subfield code="c">29 cm</subfield></datafield><datafield ind1=" " ind2=" " tag="336"><subfield code="b">txt</subfield><subfield code="2">rdacontent</subfield></datafield><datafield ind1=" " ind2=" " tag="337"><subfield code="b">n</subfield><subfield code="2">rdamedia</subfield></datafield><datafield ind1=" " ind2=" " tag="338"><subfield code="b">nc</subfield><subfield code="2">rdacarrier</subfield></datafield><datafield ind1=" " ind2=" " tag="500"><subfield code="a">Texte bilingue allemand et anglais</subfield></datafield><datafield ind1=" " ind2=" " tag="504"><subfield code="a">Bibliogr.: p. 212-213</subfield></datafield><datafield ind1="1" ind2="7" tag="600"><subfield code="a">Müller, Victorine</subfield><subfield code="0">(RERO)A014244040</subfield><subfield code="2">rero</subfield></datafield><datafield ind1="1" ind2=" " tag="700"><subfield code="a">Denaro, Dolores</subfield><subfield code="d">1971-....</subfield><subfield code="0">(IDREF)069761124</subfield></datafield><datafield ind1=" " ind2=" " tag="900"><subfield code="a">REROnoselfmerge</subfield></datafield><datafield ind1=" " ind2=" " tag="993"><subfield code="a">BFLB 32885</subfield><subfield code="x">ge/ulha/d/15/0828</subfield><subfield code="9">LOCAL</subfield></datafield></record>
</metadata></record>