<record><header><identifier>oai:alma.41SLSP_UGE:991000029559705502</identifier><datestamp>2024-06-14T00:08:10Z</datestamp><setSpec>uge_bcen_RapidILL_BOOK</setSpec><setSpec>uge_aaca_RapidILL_BOOK</setSpec><setSpec>uge_abels_RapidILL_BOOK</setSpec><setSpec>uge_dbu_RapidILL_BOOK</setSpec><setSpec>uge_cmu_RapidILL_BOOK</setSpec><setSpec>uge_mail_RapidILL_BOOK</setSpec><setSpec>uge_abbat_RapidILL_BOOK</setSpec><setSpec>UNIGE_ALL</setSpec><setSpec>uge_aobs_RapidILL_BOOK</setSpec><setSpec>uge_acar_RapidILL_BOOK</setSpec></header><metadata>
<record xmlns="http://www.loc.gov/MARC21/slim" xmlns:xsi="http://www.w3.org/2001/XMLSchema-instance" xsi:schemaLocation="http://www.loc.gov/MARC21/slim http://www.loc.gov/standards/marcxml/schema/MARC21slim.xsd"><leader>05171nam a2200745 c 4500</leader><controlfield tag="001">991000029559705502</controlfield><controlfield tag="005">20230702082355.0</controlfield><controlfield tag="008">201012s1997    xxu           00| | eng  </controlfield><datafield ind1=" " ind2=" " tag="020"><subfield code="a">020516076X</subfield></datafield><datafield ind1="7" ind2=" " tag="024"><subfield code="a">http://catalogue.bnf.fr/ark:/12148/cb37516270k</subfield><subfield code="2">uri</subfield></datafield><datafield ind1=" " ind2=" " tag="035"><subfield code="a">(swissbib)241102030-41slsp_network</subfield></datafield><datafield ind1=" " ind2=" " tag="035"><subfield code="a">241102030</subfield><subfield code="9">ExL</subfield></datafield><datafield ind1=" " ind2=" " tag="035"><subfield code="a">(IDSSG)000182522HSB01</subfield></datafield><datafield ind1=" " ind2=" " tag="035"><subfield code="a">(NEBIS)008042888EBI01</subfield></datafield><datafield ind1=" " ind2=" " tag="035"><subfield code="a">(NEBIS)001768142EBI01</subfield></datafield><datafield ind1=" " ind2=" " tag="035"><subfield code="a">(RERO)R219198660-41slsp</subfield></datafield><datafield ind1=" " ind2=" " tag="035"><subfield code="a">(EXLNZ-41SLSP_NETWORK)991030360789705501</subfield></datafield><datafield ind1=" " ind2=" " tag="040"><subfield code="a">SzZuIDS HSG</subfield><subfield code="b">ger</subfield><subfield code="e">kids</subfield><subfield code="d">CH-ZuSLS</subfield></datafield><datafield ind1=" " ind2="7" tag="072"><subfield code="a">ps</subfield><subfield code="2">rero</subfield></datafield><datafield ind1="0" ind2="0" tag="082"><subfield code="a">155.82</subfield><subfield code="2">21</subfield></datafield><datafield ind1="1" ind2="4" tag="082"><subfield code="a">155.82</subfield><subfield code="2">22</subfield></datafield><datafield ind1="0" ind2="0" tag="245"><subfield code="a">Social behavior and applications</subfield><subfield code="c">ed. by John W. Berry ... [et al.]</subfield></datafield><datafield ind1=" " ind2=" " tag="250"><subfield code="a">Second ed.</subfield></datafield><datafield ind1=" " ind2="1" tag="264"><subfield code="a">Boston</subfield><subfield code="b">Allyn and Bacon</subfield><subfield code="c">1997</subfield></datafield><datafield ind1=" " ind2="4" tag="264"><subfield code="c">© 1997</subfield></datafield><datafield ind1=" " ind2=" " tag="300"><subfield code="a">XXXV, 521 p.</subfield><subfield code="b">tabl.</subfield><subfield code="c">25 cm</subfield></datafield><datafield ind1=" " ind2=" " tag="336"><subfield code="b">txt</subfield><subfield code="2">rdacontent</subfield></datafield><datafield ind1=" " ind2=" " tag="337"><subfield code="b">n</subfield><subfield code="2">rdamedia</subfield></datafield><datafield ind1=" " ind2=" " tag="338"><subfield code="b">nc</subfield><subfield code="2">rdacarrier</subfield></datafield><datafield ind1="1" ind2=" " tag="490"><subfield code="a">Handbook of cross-cultural psychology</subfield><subfield code="v">Vol. 3</subfield></datafield><datafield ind1=" " ind2=" " tag="504"><subfield code="a">Literaturangaben</subfield></datafield><datafield ind1=" " ind2="7" tag="650"><subfield code="a">Ethnopsychologie</subfield><subfield code="0">(DE-588)4188478-4</subfield><subfield code="2">gnd</subfield></datafield><datafield ind1=" " ind2="7" tag="650"><subfield code="a">Vergleichende Kulturpsychologie</subfield><subfield code="0">(DE-588)4187720-2</subfield><subfield code="2">gnd</subfield></datafield><datafield ind1=" " ind2="0" tag="650"><subfield code="a">Ethnopsychology</subfield></datafield><datafield ind1=" " ind2="7" tag="650"><subfield code="a">comportement social</subfield><subfield code="0">(RERO)A009957546</subfield><subfield code="2">rerovoc</subfield></datafield><datafield ind1=" " ind2="7" tag="650"><subfield code="a">Ethnopsychologie</subfield><subfield code="0">(IDREF)02745178X</subfield><subfield code="2">idref</subfield></datafield><datafield ind1=" " ind2="7" tag="650"><subfield code="a">Psychologie sociale</subfield><subfield code="0">(IDREF)027241661</subfield><subfield code="2">idref</subfield></datafield><datafield ind1=" " ind2="7" tag="650"><subfield code="a">Études transculturelles</subfield><subfield code="0">(IDREF)027555305</subfield><subfield code="2">idref</subfield></datafield><datafield ind1=" " ind2="7" tag="650"><subfield code="a">Psychologie</subfield><subfield code="0">(IDREF)027346900</subfield><subfield code="2">idref</subfield></datafield><datafield ind1=" " ind2="7" tag="655"><subfield code="a">Manuels d'enseignement</subfield><subfield code="0">(IDREF)027446514</subfield><subfield code="2">idref</subfield></datafield><datafield ind1=" " ind2=" " tag="690"><subfield code="a">Kulturpsychologie; Multikulturalität; Arbeitspsychologie; Hochschule; soziales Verhalten; Aggression; Index; Wahrnehmung; Akkulturation; Anpassung; Entwicklung; Erkenntnis; Forschung; Intervention; Konvergenz; Training; psychische Störung; Ästhetik; Analphabetismus; Beziehung; Datenanalyse; Kriegsführung; Prozess; Strukturierung; Altman; Bacon; Beardsley; Lawrence; Nationalisierung; Wert; Emotion; Geschlecht; Individualismus; Mehrsprachigkeit; Perspektive; Strategie; Theorie; Urteil; empirische Methode; Boston; Brown; Erwerb; Smith; Straftat</subfield><subfield code="2">idssg-J</subfield></datafield><datafield ind1=" " ind2=" " tag="690"><subfield code="a">Menschenentwicklung; Umweltpsychologie; Greenfield; Intergruppenbeziehung; Namensindex; Identitätsstrategie; Spracherwerb</subfield><subfield code="2">idssg-J</subfield></datafield><datafield ind1=" " ind2=" " tag="690"><subfield code="a">interkulturelle Psychologie; vergleichende Perspektive; alltägliche Erkenntnis; anthropologische Perspektive; evolutionärer Ansatz; gesamte Lebensspanne; grundlegende Menschenentwicklung; grundlegender Prozess; interkulturelle Psychologie; interkulturelles Training; kindlich Harkness; kindlicher Super; kognitiv Mishra; kulturelle Psychologie; kulturelle Strukturierung; kulturzentrierte Intervention; mitwirkend Xix; moralisches Urteil; multikulturelle Bildung; schwieriger Umstand; soziale Anwendung; soziale Erkenntnis; theoretische Frage; vergleichende Forschung; zweite Ausgabe</subfield><subfield code="2">idssg-J</subfield></datafield><datafield ind1=" " ind2=" " tag="690"><subfield code="a">Kanada C1CANA; Vereinigte Staaten C1USA; Großbritannien C4EUUK; Türkei C7TURK; Singapur C9SING; Australien C8AUST; Japan C9JAPA</subfield><subfield code="2">idssg-J</subfield></datafield><datafield ind1=" " ind2=" " tag="690"><subfield code="a">alltäglich Erkenntnis Schliemann Carraher; Anwendung Zweite Ausgabe Handbuch; Bacon Boston London Toronto; Berry Dasen Saraswathi; Berry Poortinga Pandey; Berry Segall; Cigdem Kagit ibasi Koq; Cigdem Kagit ibasi Koq Universität Türkei Allyn; evolutionär Ansätze Keller; Horvath; John Berry Queens University Kanada; Konvergenz Poortinga Index; Mesquita Frijda; Miller; Prozess Empirische Methoden; Redaktion xvii; Russell Deregowski; Schwartz; Segall Ember; Segall Syracuse University; Smith; Sydney Tokio Singapur; Viper; Werner Brown; Williams</subfield><subfield code="2">idssg-J</subfield></datafield><datafield ind1=" " ind2=" " tag="690"><subfield code="a">578</subfield><subfield code="d">Ingroup antagonisms - Gegensätze innerhalb einer Gruppe, Spannungen</subfield><subfield code="2">uzb-UI</subfield></datafield><datafield ind1=" " ind2=" " tag="690"><subfield code="a">563.02</subfield><subfield code="d">Indigenous peoples - indigene Bevölkerung, Einheimische</subfield><subfield code="2">uzb-UI</subfield></datafield><datafield ind1=" " ind2=" " tag="690"><subfield code="a">027</subfield><subfield code="d">Essays - Aufsätze</subfield><subfield code="2">uzb-UI</subfield></datafield><datafield ind1=" " ind2=" " tag="690"><subfield code="a">181</subfield><subfield code="d">Ethos - kulturelle Werte (allg.)</subfield><subfield code="2">uzb-UI</subfield></datafield><datafield ind1=" " ind2=" " tag="690"><subfield code="a">121:870</subfield><subfield code="d">Theories: education - Erziehung</subfield><subfield code="2">uzb-UI</subfield></datafield><datafield ind1=" " ind2=" " tag="690"><subfield code="a">070</subfield><subfield code="d">Crosscultural studies - kulturvergleichende Forschung</subfield><subfield code="2">uzb-UI</subfield></datafield><datafield ind1=" " ind2=" " tag="690"><subfield code="a">177</subfield><subfield code="d">Acculturation and culture contact - Akkulturation und Kulturkontakt</subfield><subfield code="2">uzb-UI</subfield></datafield><datafield ind1=" " ind2=" " tag="690"><subfield code="a">571</subfield><subfield code="d">Social relationships and groups - soziale Beziehungen und Gruppen</subfield><subfield code="2">uzb-UI</subfield></datafield><datafield ind1=" " ind2=" " tag="690"><subfield code="a">121:562</subfield><subfield code="d">Theories: sex and gender - Geschlechter-Beziehungen</subfield><subfield code="2">uzb-UI</subfield></datafield><datafield ind1=" " ind2=" " tag="690"><subfield code="a">150</subfield><subfield code="d">Culture and personality - Kultur und Persönlichkeit</subfield><subfield code="2">uzb-UI</subfield></datafield><datafield ind1=" " ind2=" " tag="690"><subfield code="a">562</subfield><subfield code="d">Sex status - Geschlechterrollen</subfield><subfield code="2">uzb-UI</subfield></datafield><datafield ind1=" " ind2=" " tag="690"><subfield code="a">121.07</subfield><subfield code="d">Theory: crosscultural analysis - kulturvergleichende Studien</subfield><subfield code="2">uzb-UI</subfield></datafield><datafield ind1=" " ind2=" " tag="690"><subfield code="a">003</subfield><subfield code="d">Introduction into anthropology - Einführungen</subfield><subfield code="2">uzb-UI</subfield></datafield><datafield ind1=" " ind2=" " tag="690"><subfield code="a">158</subfield><subfield code="d">Personality disorders - Verhaltensstörungen</subfield><subfield code="2">uzb-UI</subfield></datafield><datafield ind1="1" ind2=" " tag="700"><subfield code="a">Kagitcibasi, Cigdem</subfield></datafield><datafield ind1="1" ind2=" " tag="700"><subfield code="a">Segall, Marshall H.</subfield></datafield><datafield ind1="1" ind2=" " tag="700"><subfield code="a">Berry, John Widdup</subfield><subfield code="c">auteur en psychologie</subfield><subfield code="d">1939-....</subfield><subfield code="0">(IDREF)028444124</subfield></datafield><datafield ind1="4" ind2=" " tag="856"><subfield code="u">https://tools.unisg.ch/url/hm00630587</subfield><subfield code="z">Inhaltsverzeichnis</subfield></datafield><datafield ind1=" " ind2="0" tag="830"><subfield code="a">Handbook of cross-cultural psychology</subfield><subfield code="v">3</subfield><subfield code="w">(NEBIS)001641345EBI01</subfield></datafield><datafield ind1=" " ind2="0" tag="830"><subfield code="a">Handbook of cross-cultural psychology</subfield><subfield code="v">3</subfield><subfield code="w">(IDSSG)000180445HSB01</subfield></datafield><datafield ind1=" " ind2=" " tag="949"><subfield code="a">https://tools.unisg.ch/url/hm00630587</subfield></datafield></record>
</metadata></record>