<record><header><identifier>oai:alma.41SLSP_UGE:991000029449705502</identifier><datestamp>2023-06-26T00:14:19Z</datestamp><setSpec>UNIGE_ALL</setSpec></header><metadata>
<record xmlns="http://www.loc.gov/MARC21/slim" xmlns:xsi="http://www.w3.org/2001/XMLSchema-instance" xsi:schemaLocation="http://www.loc.gov/MARC21/slim http://www.loc.gov/standards/marcxml/schema/MARC21slim.xsd"><leader>01602ngm a2200349 c 4500</leader><controlfield tag="001">991000029449705502</controlfield><controlfield tag="005">20230625102827.0</controlfield><controlfield tag="007">vd |v||||</controlfield><controlfield tag="008">071009s2003    fr ||| |          v|eng d</controlfield><datafield ind1="4" ind2="2" tag="028"><subfield code="a">N5A/Z10 28651</subfield></datafield><datafield ind1=" " ind2=" " tag="035"><subfield code="a">(swissbib)105904821-41slsp_network</subfield></datafield><datafield ind1=" " ind2=" " tag="035"><subfield code="a">105904821</subfield><subfield code="9">ExL</subfield></datafield><datafield ind1=" " ind2=" " tag="035"><subfield code="a">(RERO)R004557664-41slsp</subfield></datafield><datafield ind1=" " ind2=" " tag="035"><subfield code="a">(EXLNZ-41SLSP_NETWORK)991026264669705501</subfield></datafield><datafield ind1=" " ind2=" " tag="040"><subfield code="a">RERO vsbcvm</subfield><subfield code="d">CH-ZuSLS</subfield></datafield><datafield ind1="1" ind2=" " tag="041"><subfield code="a">fre</subfield><subfield code="h">eng</subfield></datafield><datafield ind1=" " ind2="7" tag="072"><subfield code="a">ba</subfield><subfield code="2">rero</subfield></datafield><datafield ind1="1" ind2=" " tag="080"><subfield code="a">791.44.071</subfield></datafield><datafield ind1="0" ind2="0" tag="245"><subfield code="a">Charlie</subfield><subfield code="b">la vie et l'oeuvre de Charlie Chaplin = the life and art of Charles Chaplin</subfield><subfield code="c">a film by Richard Schickel</subfield></datafield><datafield ind1=" " ind2="1" tag="264"><subfield code="a">[Paris]</subfield><subfield code="b">MK2</subfield><subfield code="c">[2003]</subfield></datafield><datafield ind1=" " ind2="4" tag="264"><subfield code="c">© 2003</subfield></datafield><datafield ind1=" " ind2=" " tag="300"><subfield code="a">1 DVD vidéo</subfield></datafield><datafield ind1=" " ind2=" " tag="336"><subfield code="b">tdi</subfield><subfield code="2">rdacontent</subfield></datafield><datafield ind1=" " ind2=" " tag="337"><subfield code="b">v</subfield><subfield code="2">rdamedia</subfield></datafield><datafield ind1=" " ind2=" " tag="338"><subfield code="b">vd</subfield><subfield code="2">rdacarrier</subfield></datafield><datafield ind1="1" ind2=" " tag="490"><subfield code="a">La collection Chaplin</subfield></datafield><datafield ind1=" " ind2=" " tag="500"><subfield code="a">Comprend des entretiens avec Woody Allen, Richard Attenborough, Jeanine Basinger...</subfield></datafield><datafield ind1=" " ind2=" " tag="500"><subfield code="a">Langue : anglais. Sous-titres : anglais, français, espagnol, italien, allemand, portugais, arabe, bulgare, roumain, néerlandais. Sous-titres pour malentendants : anglais, français, italien</subfield></datafield><datafield ind1="8" ind2=" " tag="520"><subfield code="a">Richard Schickel, le redoutable critique du magazine Time, rend, dans ce documentaire, un hommage exceptionnel à Charlie Chaplin. La première mondiale de cet hommage fut l'un des moments forts du Festival de Cannes en 2003 [...]</subfield><subfield code="5">RERO/vdecha/05.2012</subfield></datafield><datafield ind1="1" ind2="7" tag="600"><subfield code="a">Chaplin, Charles</subfield><subfield code="d">1889-1977</subfield><subfield code="0">(IDREF)026778432</subfield><subfield code="2">idref</subfield></datafield><datafield ind1=" " ind2="7" tag="655"><subfield code="a">DVD</subfield><subfield code="2">idref</subfield><subfield code="0">(IDREF)035108444</subfield></datafield><datafield ind1="1" ind2=" " tag="700"><subfield code="a">Schickel, Richard</subfield><subfield code="d">1933-2017</subfield><subfield code="0">(IDREF)050279793</subfield><subfield code="4">drt</subfield></datafield><datafield ind1=" " ind2="0" tag="830"><subfield code="a">&lt;&lt;La&gt;&gt; collection Chaplin</subfield><subfield code="w">(RERO)R003594860-41slsp</subfield></datafield></record>
</metadata></record>