<record><header><identifier>oai:alma.41SLSP_UGE:991000029659705502</identifier><datestamp>2023-03-01T01:09:23Z</datestamp><setSpec>uge_bcen_RapidILL_BOOK</setSpec><setSpec>uge_aaca_RapidILL_BOOK</setSpec><setSpec>uge_abels_RapidILL_BOOK</setSpec><setSpec>uge_dbu_RapidILL_BOOK</setSpec><setSpec>uge_cmu_RapidILL_BOOK</setSpec><setSpec>uge_mail_RapidILL_BOOK</setSpec><setSpec>UNIGE_ALL</setSpec><setSpec>uge_abbat_RapidILL_BOOK</setSpec><setSpec>uge_aobs_RapidILL_BOOK</setSpec><setSpec>uge_acar_RapidILL_BOOK</setSpec></header><metadata>
<record xmlns="http://www.loc.gov/MARC21/slim" xmlns:xsi="http://www.w3.org/2001/XMLSchema-instance" xsi:schemaLocation="http://www.loc.gov/MARC21/slim http://www.loc.gov/standards/marcxml/schema/MARC21slim.xsd"><leader>00771nam a2200241 c 4500</leader><controlfield tag="001">991000029659705502</controlfield><controlfield tag="005">20201225181810.0</controlfield><controlfield tag="008">880616s1927    gw ||||| |||| 00| ||ger d</controlfield><datafield ind1=" " ind2=" " tag="035"><subfield code="a">(swissbib)082844712-41slsp_network</subfield></datafield><datafield ind1=" " ind2=" " tag="035"><subfield code="a">082844712</subfield><subfield code="9">ExL</subfield></datafield><datafield ind1=" " ind2=" " tag="035"><subfield code="a">(RERO)0988847-41slsp</subfield></datafield><datafield ind1=" " ind2=" " tag="035"><subfield code="a">(EXLNZ-41SLSP_NETWORK)991035309319705501</subfield></datafield><datafield ind1=" " ind2=" " tag="040"><subfield code="a">RERO fru-le</subfield><subfield code="d">CH-ZuSLS</subfield></datafield><datafield ind1=" " ind2="7" tag="072"><subfield code="a">ha</subfield><subfield code="2">rero</subfield></datafield><datafield ind1="1" ind2=" " tag="080"><subfield code="a">931(02)</subfield></datafield><datafield ind1="0" ind2="0" tag="245"><subfield code="a">Einleitung in die Altertumswissenschaft</subfield><subfield code="c">hrsg. von Alfred Gercke und Eduard Norden.</subfield><subfield code="n">Bd. 1</subfield><subfield code="p">Geschichte der Philologie, Textkritik</subfield></datafield><datafield ind1=" " ind2=" " tag="250"><subfield code="a">3. Aufl</subfield></datafield><datafield ind1=" " ind2="1" tag="264"><subfield code="a">Leipzig [etc.]</subfield><subfield code="b">B.G. Teubner</subfield><subfield code="c">1927</subfield></datafield><datafield ind1=" " ind2=" " tag="300"><subfield code="a">564 p.</subfield></datafield><datafield ind1=" " ind2=" " tag="336"><subfield code="b">txt</subfield><subfield code="2">rdacontent</subfield></datafield><datafield ind1=" " ind2=" " tag="337"><subfield code="b">n</subfield><subfield code="2">rdamedia</subfield></datafield><datafield ind1=" " ind2=" " tag="338"><subfield code="b">nc</subfield><subfield code="2">rdacarrier</subfield></datafield><datafield ind1=" " ind2="0" tag="830"><subfield code="a">Einleitung in die Altertumswissenschaft</subfield><subfield code="v">1</subfield></datafield><datafield ind1=" " ind2=" " tag="900"><subfield code="a">REROnoselfmerge</subfield></datafield></record>
</metadata></record>