<record><header><identifier>oai:alma.41SLSP_UGE:991000029139705502</identifier><datestamp>2023-03-01T01:09:23Z</datestamp><setSpec>uge_bcen_RapidILL_BOOK</setSpec><setSpec>uge_aaca_RapidILL_BOOK</setSpec><setSpec>uge_abels_RapidILL_BOOK</setSpec><setSpec>uge_dbu_RapidILL_BOOK</setSpec><setSpec>uge_cmu_RapidILL_BOOK</setSpec><setSpec>uge_mail_RapidILL_BOOK</setSpec><setSpec>UNIGE_ALL</setSpec><setSpec>uge_abbat_RapidILL_BOOK</setSpec><setSpec>uge_aobs_RapidILL_BOOK</setSpec><setSpec>uge_acar_RapidILL_BOOK</setSpec></header><metadata>
<record xmlns="http://www.loc.gov/MARC21/slim" xmlns:xsi="http://www.w3.org/2001/XMLSchema-instance" xsi:schemaLocation="http://www.loc.gov/MARC21/slim http://www.loc.gov/standards/marcxml/schema/MARC21slim.xsd"><leader>02175nam a22003372c 4500</leader><controlfield tag="001">991000029139705502</controlfield><controlfield tag="005">20210206202217.0</controlfield><controlfield tag="008">111012s2009    cc ||||| |||| 00| ||chi d</controlfield><datafield ind1=" " ind2=" " tag="020"><subfield code="a">7802195306</subfield></datafield><datafield ind1=" " ind2=" " tag="020"><subfield code="a">9787802195301</subfield></datafield><datafield ind1=" " ind2=" " tag="035"><subfield code="a">(swissbib)114749450-41slsp_network</subfield></datafield><datafield ind1=" " ind2=" " tag="035"><subfield code="a">114749450</subfield><subfield code="9">ExL</subfield></datafield><datafield ind1=" " ind2=" " tag="035"><subfield code="a">(RERO)R006311178-41slsp</subfield></datafield><datafield ind1=" " ind2=" " tag="035"><subfield code="a">(EXLNZ-41SLSP_NETWORK)991074706609705501</subfield></datafield><datafield ind1=" " ind2=" " tag="040"><subfield code="a">CNPIT</subfield><subfield code="d">CH-ZuSLS</subfield></datafield><datafield ind1=" " ind2="7" tag="072"><subfield code="a">or</subfield><subfield code="2">rero</subfield></datafield><datafield ind1="1" ind2=" " tag="100"><subfield code="6">880-01</subfield><subfield code="a">Wu, Wei</subfield><subfield code="d">1929-....</subfield><subfield code="0">(IDREF)113919417</subfield><subfield code="4">cre</subfield></datafield><datafield ind1="0" ind2=" " tag="880"><subfield code="6">100-01/$1</subfield><subfield code="a">吴蔚</subfield></datafield><datafield ind1="1" ind2="0" tag="245"><subfield code="6">880-02</subfield><subfield code="a">Yu Xuanji</subfield><subfield code="c">Wu Wei zhu</subfield></datafield><datafield ind1="1" ind2="0" tag="880"><subfield code="6">245-02/$1</subfield><subfield code="a">鱼玄机</subfield><subfield code="c">吴蔚著</subfield></datafield><datafield ind1=" " ind2="1" tag="264"><subfield code="6">880-03</subfield><subfield code="a">Beijing</subfield><subfield code="b">Min zhu fa zhi chu ban she</subfield><subfield code="c">2009</subfield></datafield><datafield ind1=" " ind2="1" tag="880"><subfield code="6">264-03/$1</subfield><subfield code="a">北京</subfield><subfield code="b">民主法制出版社</subfield><subfield code="c">2009</subfield></datafield><datafield ind1=" " ind2=" " tag="300"><subfield code="a">298 p.</subfield></datafield><datafield ind1=" " ind2=" " tag="336"><subfield code="b">txt</subfield><subfield code="2">rdacontent</subfield></datafield><datafield ind1=" " ind2=" " tag="337"><subfield code="b">n</subfield><subfield code="2">rdamedia</subfield></datafield><datafield ind1=" " ind2=" " tag="338"><subfield code="b">nc</subfield><subfield code="2">rdacarrier</subfield></datafield><datafield ind1="0" ind2=" " tag="490"><subfield code="6">880-04</subfield><subfield code="a">Zhongguo gu dai da an tan qi lu</subfield></datafield><datafield ind1="0" ind2=" " tag="880"><subfield code="6">490-04/$1</subfield><subfield code="a">中国古代大案探奇录</subfield></datafield><datafield ind1="8" ind2=" " tag="520"><subfield code="a">本书是一本关于历史人物的小说, 但它并没有局限于时代.时间无限, 世界的本质却永远是一致的.小说中的谋杀, 本来只有最简单的动机, 却因为最复杂的人性, 而演变为最纷繁的猜忌.小说中, 同样有着最典型的人物, 最微妙的情愫, 最难言的爱情, 最痛苦的挣扎, 最深沉的关怀, 以及最艰难的选择</subfield></datafield><datafield ind1="1" ind2="7" tag="600"><subfield code="a">Yu, Xuanji</subfield><subfield code="0">(RERO)A020106315</subfield><subfield code="2">rero</subfield></datafield><datafield ind1=" " ind2=" " tag="900"><subfield code="a">REROnoselfmerge</subfield></datafield><datafield ind1=" " ind2=" " tag="910"><subfield code="a">OCoLC</subfield><subfield code="b">20111012</subfield><subfield code="c">Droits réservés</subfield></datafield></record>
</metadata></record>