<record><header><identifier>oai:alma.41SLSP_UGE:991000029369705502</identifier><datestamp>2023-03-01T01:09:23Z</datestamp><setSpec>uge_bcen_RapidILL_BOOK</setSpec><setSpec>uge_aaca_RapidILL_BOOK</setSpec><setSpec>uge_abels_RapidILL_BOOK</setSpec><setSpec>uge_dbu_RapidILL_BOOK</setSpec><setSpec>uge_cmu_RapidILL_BOOK</setSpec><setSpec>uge_mail_RapidILL_BOOK</setSpec><setSpec>UNIGE_ALL</setSpec><setSpec>uge_abbat_RapidILL_BOOK</setSpec><setSpec>uge_acar_RapidILL_BOOK</setSpec><setSpec>uge_aobs_RapidILL_BOOK</setSpec></header><metadata>
<record xmlns="http://www.loc.gov/MARC21/slim" xmlns:xsi="http://www.w3.org/2001/XMLSchema-instance" xsi:schemaLocation="http://www.loc.gov/MARC21/slim http://www.loc.gov/standards/marcxml/schema/MARC21slim.xsd"><leader>01182nam a2200337 c 4500</leader><controlfield tag="001">991000029369705502</controlfield><controlfield tag="005">20230115200809.0</controlfield><controlfield tag="008">070807s1976    sz ||||| |||| 00| ||roh d</controlfield><datafield ind1=" " ind2=" " tag="035"><subfield code="a">(swissbib)105665010-41slsp_network</subfield></datafield><datafield ind1=" " ind2=" " tag="035"><subfield code="a">105665010</subfield><subfield code="9">ExL</subfield></datafield><datafield ind1=" " ind2=" " tag="035"><subfield code="a">(RERO)R004522359-41slsp</subfield></datafield><datafield ind1=" " ind2=" " tag="035"><subfield code="a">(EXLNZ-41SLSP_NETWORK)991081639809705501</subfield></datafield><datafield ind1=" " ind2=" " tag="040"><subfield code="a">RERO geulro</subfield><subfield code="d">CH-ZuSLS</subfield></datafield><datafield ind1="1" ind2=" " tag="041"><subfield code="a">roh</subfield><subfield code="h">ger</subfield></datafield><datafield ind1=" " ind2=" " tag="044"><subfield code="a">sz</subfield><subfield code="c">ch-gr</subfield></datafield><datafield ind1=" " ind2="7" tag="072"><subfield code="a">se</subfield><subfield code="2">rero</subfield></datafield><datafield ind1="1" ind2=" " tag="100"><subfield code="a">Herrmann, Willy</subfield><subfield code="0">(RERO)A003367271</subfield><subfield code="4">cre</subfield></datafield><datafield ind1="1" ind2="0" tag="245"><subfield code="a">Economia et finanzas</subfield><subfield code="c">da Willy Herrmann, Iso Tuor e Bernhard Wenger ; versiun sursilvana da Felix Giger</subfield></datafield><datafield ind1=" " ind2="1" tag="264"><subfield code="a">Berna</subfield><subfield code="b">Banca populera svizra</subfield><subfield code="c">1976</subfield></datafield><datafield ind1=" " ind2=" " tag="300"><subfield code="a">170 p.</subfield><subfield code="b">ill.</subfield></datafield><datafield ind1=" " ind2=" " tag="336"><subfield code="b">txt</subfield><subfield code="2">rdacontent</subfield></datafield><datafield ind1=" " ind2=" " tag="337"><subfield code="b">n</subfield><subfield code="2">rdamedia</subfield></datafield><datafield ind1=" " ind2=" " tag="338"><subfield code="b">nc</subfield><subfield code="2">rdacarrier</subfield></datafield><datafield ind1=" " ind2=" " tag="500"><subfield code="a">Traduit de: Geld und Wirtschaft</subfield></datafield><datafield ind1=" " ind2="7" tag="650"><subfield code="a">Économie politique</subfield><subfield code="0">(IDREF)027790479</subfield><subfield code="2">idref</subfield></datafield><datafield ind1=" " ind2="7" tag="651"><subfield code="a">Suisse</subfield><subfield code="0">(IDREF)027249654</subfield><subfield code="2">idref</subfield></datafield><datafield ind1=" " ind2="7" tag="655"><subfield code="a">Manuels d'enseignement</subfield><subfield code="0">(IDREF)027446514</subfield><subfield code="2">idref</subfield></datafield><datafield ind1="1" ind2=" " tag="700"><subfield code="a">Tuor, Iso</subfield><subfield code="0">(RERO)A003914825</subfield></datafield><datafield ind1="1" ind2=" " tag="700"><subfield code="a">Wenger, Bernhard</subfield><subfield code="0">(IDREF)111338662</subfield></datafield><datafield ind1="1" ind2=" " tag="700"><subfield code="a">Giger, Felix</subfield><subfield code="0">(IDREF)084530286</subfield></datafield><datafield ind1="2" ind2=" " tag="710"><subfield code="a">Banque populaire suisse</subfield><subfield code="0">(RERO)A000015971</subfield></datafield><datafield ind1=" " ind2=" " tag="900"><subfield code="a">REROnoselfmerge</subfield></datafield></record>
</metadata></record>