<record><header><identifier>oai:alma.41SLSP_UGE:991000028949705502</identifier><datestamp>2024-04-12T00:14:24Z</datestamp><setSpec>uge_bcen_RapidILL_BOOK</setSpec><setSpec>uge_aaca_RapidILL_BOOK</setSpec><setSpec>uge_abels_RapidILL_BOOK</setSpec><setSpec>uge_dbu_RapidILL_BOOK</setSpec><setSpec>uge_cmu_RapidILL_BOOK</setSpec><setSpec>uge_mail_RapidILL_BOOK</setSpec><setSpec>uge_abbat_RapidILL_BOOK</setSpec><setSpec>UNIGE_ALL</setSpec><setSpec>uge_aobs_RapidILL_BOOK</setSpec><setSpec>uge_acar_RapidILL_BOOK</setSpec></header><metadata>
<record xmlns="http://www.loc.gov/MARC21/slim" xmlns:xsi="http://www.w3.org/2001/XMLSchema-instance" xsi:schemaLocation="http://www.loc.gov/MARC21/slim http://www.loc.gov/standards/marcxml/schema/MARC21slim.xsd"><leader>01585nam a2200409 c 4500</leader><controlfield tag="001">991000028949705502</controlfield><controlfield tag="005">20230221202634.0</controlfield><controlfield tag="008">201012s1995    xxk||||| |||| 00| ||eng d</controlfield><datafield ind1=" " ind2=" " tag="020"><subfield code="a">0948695390</subfield><subfield code="q">hardback</subfield></datafield><datafield ind1=" " ind2=" " tag="020"><subfield code="a">0948695404</subfield><subfield code="q">paperback</subfield></datafield><datafield ind1=" " ind2=" " tag="035"><subfield code="a">(swissbib)235103608-41slsp_network</subfield></datafield><datafield ind1=" " ind2=" " tag="035"><subfield code="a">235103608</subfield><subfield code="9">ExL</subfield></datafield><datafield ind1=" " ind2=" " tag="035"><subfield code="a">(RERO)2132716-41slsp</subfield></datafield><datafield ind1=" " ind2=" " tag="035"><subfield code="a">(IDSBB)001352471DSV01</subfield></datafield><datafield ind1=" " ind2=" " tag="035"><subfield code="a">(EXLNZ-41SLSP_NETWORK)991025773199705501</subfield></datafield><datafield ind1=" " ind2=" " tag="040"><subfield code="a">RERO geulsa</subfield><subfield code="d">CH-ZuSLS</subfield></datafield><datafield ind1=" " ind2="7" tag="072"><subfield code="a">ha</subfield><subfield code="2">rero</subfield></datafield><datafield ind1=" " ind2="7" tag="072"><subfield code="a">le</subfield><subfield code="2">SzZuIDS BS/BE</subfield></datafield><datafield ind1=" " ind2="7" tag="072"><subfield code="a">gg</subfield><subfield code="2">SzZuIDS BS/BE</subfield></datafield><datafield ind1=" " ind2=" " tag="084"><subfield code="a">EH 5302</subfield><subfield code="2">rvk</subfield></datafield><datafield ind1="1" ind2=" " tag="100"><subfield code="a">Rees, Joan</subfield><subfield code="d">1923-....</subfield><subfield code="0">(IDREF)030450969</subfield><subfield code="4">cre</subfield></datafield><datafield ind1="1" ind2="0" tag="245"><subfield code="a">Writings on the Nile</subfield><subfield code="b">Harriet Martineau, Florence Nightingale, Amelia Edwards</subfield><subfield code="c">Joan Rees</subfield></datafield><datafield ind1=" " ind2="1" tag="264"><subfield code="a">London</subfield><subfield code="b">Rubicon Press</subfield><subfield code="c">[1995]</subfield></datafield><datafield ind1=" " ind2="4" tag="264"><subfield code="c">© 1995</subfield></datafield><datafield ind1=" " ind2=" " tag="300"><subfield code="a">XII, 116 p.</subfield><subfield code="b">ill.</subfield><subfield code="c">24 cm</subfield></datafield><datafield ind1=" " ind2=" " tag="336"><subfield code="b">txt</subfield><subfield code="2">rdacontent</subfield></datafield><datafield ind1=" " ind2=" " tag="337"><subfield code="b">n</subfield><subfield code="2">rdamedia</subfield></datafield><datafield ind1=" " ind2=" " tag="338"><subfield code="b">nc</subfield><subfield code="2">rdacarrier</subfield></datafield><datafield ind1="1" ind2="7" tag="600"><subfield code="a">Martineau, Harriet</subfield><subfield code="d">1802-1876</subfield><subfield code="0">(IDREF)028498321</subfield><subfield code="2">idref</subfield></datafield><datafield ind1="1" ind2="7" tag="600"><subfield code="a">Nightingale, Florence</subfield><subfield code="c">infirmière</subfield><subfield code="d">1820-1910</subfield><subfield code="0">(IDREF)02733810X</subfield><subfield code="2">idref</subfield></datafield><datafield ind1="1" ind2="7" tag="600"><subfield code="a">Edwards, Amelia Blanford</subfield><subfield code="d">1831-1892</subfield><subfield code="0">(IDREF)030428858</subfield><subfield code="2">idref</subfield></datafield><datafield ind1="1" ind2="7" tag="600"><subfield code="a">Martineau, Harriet</subfield><subfield code="x">Eastern life present and past</subfield><subfield code="2">idsbb</subfield></datafield><datafield ind1="1" ind2="7" tag="600"><subfield code="a">Nightingale, Florence</subfield><subfield code="x">Letters from Egypt</subfield><subfield code="2">idsbb</subfield></datafield><datafield ind1="1" ind2="7" tag="600"><subfield code="a">Edwards, Amelia</subfield><subfield code="x">&lt;&lt;A&gt;&gt; thousand miles up the Nile</subfield><subfield code="2">idsbb</subfield></datafield><datafield ind1=" " ind2="7" tag="650"><subfield code="a">Récits de voyages</subfield><subfield code="0">(IDREF)027242285</subfield><subfield code="2">idref</subfield></datafield><datafield ind1=" " ind2="7" tag="651"><subfield code="a">Égypte</subfield><subfield code="y">Jusqu'à 640</subfield><subfield code="0">(IDREF)027772195</subfield><subfield code="2">idref</subfield></datafield><datafield ind1=" " ind2="7" tag="651"><subfield code="a">Ägypten</subfield><subfield code="x">Reisen</subfield><subfield code="y">Geschichte 19. Jh</subfield><subfield code="2">idsbb</subfield></datafield><datafield ind1=" " ind2=" " tag="900"><subfield code="a">REROnoselfmerge</subfield></datafield></record>
</metadata></record>