<record><header><identifier>oai:alma.41SLSP_UGE:991000029069705502</identifier><datestamp>2023-03-01T01:09:23Z</datestamp><setSpec>uge_bcen_RapidILL_BOOK</setSpec><setSpec>uge_aaca_RapidILL_BOOK</setSpec><setSpec>uge_abels_RapidILL_BOOK</setSpec><setSpec>uge_dbu_RapidILL_BOOK</setSpec><setSpec>uge_cmu_RapidILL_BOOK</setSpec><setSpec>uge_mail_RapidILL_BOOK</setSpec><setSpec>UNIGE_ALL</setSpec><setSpec>uge_abbat_RapidILL_BOOK</setSpec><setSpec>uge_aobs_RapidILL_BOOK</setSpec><setSpec>uge_acar_RapidILL_BOOK</setSpec></header><metadata>
<record xmlns="http://www.loc.gov/MARC21/slim" xmlns:xsi="http://www.w3.org/2001/XMLSchema-instance" xsi:schemaLocation="http://www.loc.gov/MARC21/slim http://www.loc.gov/standards/marcxml/schema/MARC21slim.xsd"><leader>01315nam a2200301 c 4500</leader><controlfield tag="001">991000029069705502</controlfield><controlfield tag="005">20201222202810.0</controlfield><controlfield tag="008">890921s1978    gw ||||| |||| 00| ||ger d</controlfield><datafield ind1=" " ind2=" " tag="020"><subfield code="a">3782500199</subfield></datafield><datafield ind1=" " ind2=" " tag="035"><subfield code="a">(swissbib)084063149-41slsp_network</subfield></datafield><datafield ind1=" " ind2=" " tag="035"><subfield code="a">084063149</subfield><subfield code="9">ExL</subfield></datafield><datafield ind1=" " ind2=" " tag="035"><subfield code="a">(RERO)1155288-41slsp</subfield></datafield><datafield ind1=" " ind2=" " tag="035"><subfield code="a">(EXLNZ-41SLSP_NETWORK)991035778399705501</subfield></datafield><datafield ind1=" " ind2=" " tag="040"><subfield code="a">RERO geubfd</subfield><subfield code="d">CH-ZuSLS</subfield></datafield><datafield ind1=" " ind2="7" tag="072"><subfield code="a">dr</subfield><subfield code="2">rero</subfield></datafield><datafield ind1="1" ind2=" " tag="100"><subfield code="a">Eicher, Heinz</subfield><subfield code="0">(RERO)A003211751</subfield><subfield code="4">cre</subfield></datafield><datafield ind1="1" ind2="0" tag="245"><subfield code="a">&lt;&lt;Die&gt;&gt; Rentenversicherung der Arbeiter und der Angestellten</subfield><subfield code="c">erl. von Heinz Eicher, Winfrid Haase, Fritz Rauschenbach , unter Mitarb. von Hans Laufer, Klaus Schenke, Manfred Zipperer</subfield></datafield><datafield ind1=" " ind2=" " tag="250"><subfield code="a">6. völlig neubearb. und erw. Aufl</subfield></datafield><datafield ind1=" " ind2="1" tag="264"><subfield code="a">München</subfield><subfield code="b">Kommunalschriften-Verlag</subfield><subfield code="c">1978</subfield></datafield><datafield ind1=" " ind2=" " tag="300"><subfield code="a">944 p.</subfield><subfield code="c">17 cm</subfield></datafield><datafield ind1=" " ind2=" " tag="336"><subfield code="b">txt</subfield><subfield code="2">rdacontent</subfield></datafield><datafield ind1=" " ind2=" " tag="337"><subfield code="b">n</subfield><subfield code="2">rdamedia</subfield></datafield><datafield ind1=" " ind2=" " tag="338"><subfield code="b">nc</subfield><subfield code="2">rdacarrier</subfield></datafield><datafield ind1=" " ind2=" " tag="580"><subfield code="a">A pour suppl.: Die Rentenversicherung der Arbeiter und der Angestellten : Daten zur Information und Rechtsanwendung</subfield></datafield><datafield ind1="1" ind2=" " tag="700"><subfield code="a">Haase, Winfrid</subfield><subfield code="0">(RERO)A003337579</subfield></datafield><datafield ind1="1" ind2=" " tag="700"><subfield code="a">Rauschenbach, Fritz</subfield><subfield code="0">(RERO)A003729346</subfield></datafield><datafield ind1="1" ind2=" " tag="700"><subfield code="a">Laufer, Hans</subfield><subfield code="0">(RERO)A003499330</subfield></datafield><datafield ind1="0" ind2=" " tag="770"><subfield code="t">Rentenversicherung der Arbeiter und der Angestellten : Daten zur Information und Rechtsanwendung nach dem Stand von April 1978</subfield><subfield code="w">(RERO)1155291-41slsp</subfield></datafield><datafield ind1=" " ind2=" " tag="900"><subfield code="a">REROnoselfmerge</subfield></datafield></record>
</metadata></record>